3109 4950
838 474 1217 524 Anum-mus
1268 475 1357 522 nu
1408 473 1527 524 us,
1574 476 1661 523 nr.
1711 474 1988 523 mooun:
2351 456 2475 525 131

1164 869 1522 931 Addition
1563 872 1600 929 1
1615 867 1662 930 ¹.

438 1162 500 1229 1.
557 1162 636 1228 In
691 1159 1111 1229 comitatus⁰
1161 1159 1414 1228 Paduae
1466 1157 1911 1240 monasteriO,
1962 1157 2146 1250 quod
2196 1167 2482 1227 sanctus

344 1268 551 1337 Vitus
601 1266 875 1349 dicitur,
918 1278 1070 1337 erat
1119 1267 1437 1335 monialis
1489 1267 1829 1358 quaedam,
1873 1265 2128 1357 Sophia
2181 1265 2476 1348 nomine,

340 1397 493 1466 quae
543 1374 891 1466 paralysis
936 1374 1197 1458 morb0,
1243 1374 1484 1443 dextro
1528 1399 1611 1442 ex
1655 1374 1893 1457 latere,
1942 1372 2207 1441 exstitit
2251 1372 2480 1441 disso-

341 1482 515 1561 luta,
543 1482 618 1549 in
636 1492 903 1550 tantum
921 1491 1023 1564 ut,
1055 1482 1332 1574 singula
1360 1504 1646 1573 quaeque
1671 1481 1892 1572 ipsius
1916 1480 2154 1548 lateris
2175 1480 2480 1549 membra

340 1588 552 1656 ductu
590 1589 881 1657 tremulo
910 1587 1449 1670 circumducenS,
1472 1611 1599 1657 nec
1637 1598 1870 1657 tenere
1909 1597 2112 1677 caput
2149 1596 2474 1668 erectum,

340 1720 466 1764 nec
492 1719 703 1764 manu
732 1720 974 1788 capere
1003 1696 1254 1778 cibum,
1277 1719 1402 1764 nec
1430 1695 1499 1763 in
1525 1704 1805 1776 terram,
1830 1694 1919 1763 ab
1939 1694 2215 1786 obliquo
2239 1694 2482 1762 decur-

338 1812 505 1870 vato
543 1802 871 1894 vestigi0‚
905 1802 1144 1894 quibat
1171 1803 1384 1895 figere
1422 1802 1618 1893 pedis
1649 1825 1993 1894 gressum.
2027 1805 2095 1870 2.
2120 1805 2480 1893 Quumque

338 1910 546 1978 beato
573 1909 875 1978 Antonio
911 1920 1147 1978 votum
1167 1909 1567 2001 suppliciter
1596 1908 1986 1991 obtulisset,
2020 1908 2129 1977 die
2155 1909 2475 2000 quadam,

343 2016 552 2084 biduo
594 2028 752 2085 ante
792 2017 1040 2085 festum
1069 2015 1588 2107 Assumptionis
1630 2015 1953 2108 gloriosae
1984 2016 2324 2108 Virginis,
2368 2039 2482 2084 co-

345 2146 491 2190 ram
548 2123 854 2214 imagine
907 2122 1199 2215 quadam
1239 2122 1425 2192 beati
1464 2122 1748 2191 Antonii
1804 2123 2313 2203 miserabiliter,
2358 2121 2481 2190 sed

344 2230 882 2314 lacrimabiliter,
943 2230 1309 2299 decubanti
1373 2229 1620 2298 beatus
1695 2230 1828 2298 sibi
1901 2240 2099 2321 pater
2162 2230 2481 2320 apparuit

345 2360 657 2428 eamque,
705 2348 863 2405 ante
908 2337 1211 2428 praefatae
1271 2336 1691 2406 celebritatis
1749 2346 2088 2418 octavam,
2140 2347 2477 2428 exoptatae

348 2444 672 2536 sospitati
739 2442 1153 2513 reddendam
1218 2444 1362 2513 sore
1416 2443 1759 2537 praedixit.
1822 2448 1889 2514 3.
1951 2446 2118 2514 Post
2177 2443 2478 2513 triduum

346 2576 537 2633 vero,
599 2553 799 2644 juxta
862 2552 1082 2643 patris
1152 2552 1375 2621 sancti
1433 2552 1873 2644 promissum,
1943 2552 2126 2619 omni
2190 2576 2476 2643 prorsus

346 2659 583 2750 fugato
605 2660 753 2750 jam
794 2660 1055 2741 morb0,
1112 2660 1409 2728 surrexit
1464 2660 1747 2728 sanitati
1798 2658 2109 2751 pristinae
2157 2659 2478 2728 restituta

344 2766 412 2832 in
440 2767 811 2857 integrum.
844 2769 913 2835 4.
948 2768 1534 2858 Consurgeusque
1566 2766 1636 2833 in
1664 2766 2066 2845 crastinum,
2101 2789 2299 2833 mane
2330 2767 2475 2834 dili·

345 2873 518 2955 culo,
548 2884 617 2941 et
647 2873 737 2941 ad
768 2873 1128 2942 ecclesiam
1162 2873 1346 2942 beati
1377 2873 1659 2942 Antonii
1700 2873 2011 2941 celeriter
2036 2897 2187 2941 cum
2217 2873 2477 2941 monia-

348 2980 507 3048 lium
573 2981 918 3072 aliquibus
974 3005 1380 3072 properanS,
1442 3003 1669 3048 coram
1717 2980 1951 3049 multis
1990 2979 2296 3070 ejusdem
2346 2978 2477 3047 loci

350 3088 700 3167 fratribuS,
743 3097 999 3179 quanta
1038 3088 1171 3156 sibi
1199 3088 1532 3156 Dominus
1563 3111 1684 3179 per
1716 3111 1990 3155 servum
2021 3111 2219 3155 suum
2259 3087 2478 3155 Anto-

352 3195 532 3262 nium
563 3195 841 3275 fecerat,
886 3195 1276 3263 laetabunda
1306 3204 1374 3263 et
1421 3194 1740 3275 laudam,
1783 3218 1904 3285 per
1941 3193 2249 3262 ordinem
2278 3216 2478 3261 enar-

353 3302 551 3370 ravit.
585 3306 652 3370 5.
691 3302 911 3393 Hujus
952 3302 1050 3370 rei
1096 3311 1314 3371 testes
1356 3300 1770 3371 exstiterunt
1797 3299 1929 3368 viri
1967 3299 2301 3391 religiosi,
2343 3296 2478 3364 fide

353 3407 565 3499 digni,
618 3408 1125 3500 quamplurimi,
1171 3409 1288 3500 qui
1325 3432 1591 3489 omneS,
1632 3408 1902 3475 oculata
1957 3407 2090 3475 fide
2120 3414 2475 3474 cernentes

353 3515 519 3584 mira
549 3540 701 3607 quae
733 3540 855 3607 per
893 3539 1167 3584 servum
1209 3539 1406 3584 suum
1429 3515 1801 3583 Antonium
1833 3514 2165 3581 Dominus
2195 3513 2474 3597 fecerat,

354 3621 653 3712 ejusdem
683 3623 990 3714 gloriosa
1018 3622 1261 3690 merita
1290 3622 1679 3713 magnificis
1707 3620 1983 3690 laudum
2012 3619 2262 3688 muniis
2292 3627 2477 3685 extu·

354 3728 594 3798 lerunt.

405 3954 449 3986 a.
480 3943 622 3987 'rene
641 3943 703 3987 du
726 3942 817 3987 us.
837 3942 1100 3988 comitatu.

417 4151 461 4198 1.
491 4150 641 4200 Dans
672 4150 724 4201 ie
764 4150 866 4200 Ms.
900 4148 1036 4199 Pad.
1069 4152 1129 4198 74
1170 4149 1311 4198 cette
1356 4149 1627 4213 premiere
1656 4147 1904 4198 addition
1934 4149 2020 4197 est
2053 4146 2264 4211 placee,
2302 4147 2480 4210 parmi

361 4227 435 4279 les
459 4231 710 4282 miracles
739 4231 1084 4296 posthumeS,
1115 4230 1281 4294 apres
1320 4227 1379 4277 la
1426 4227 1685 4289 guerison
1720 4225 1788 4276 de
1820 4225 2113 4277 Gertrudis
2149 4228 2204 4275 et
2230 4238 2302 4274 au
2331 4237 2482 4274 com-

362 4314 693 4362 menccment
721 4311 792 4362 de
820 4311 875 4361 la
903 4311 1114 4361 section
1144 4309 1225 4361 De
1250 4308 1610 4374 paralyticis.
