3109 4950
594 431 720 499 128
1140 451 1197 496 S.
1253 449 1543 496 ANTONH
1594 448 1917 497 LEGENDA
1964 449 2182 496 PRIMA

588 590 675 659 ad
736 590 1094 659 ecclesiam
1152 590 1372 658 sancti
1431 590 1714 657 Antonii
1768 613 1934 658 casu
1986 589 2196 657 semel
2243 587 2513 670 ivisset,
2567 612 2723 657 ecce

587 697 863 790 quidam
889 697 1113 780 homo,
1137 696 1361 765 instar
1401 697 1565 765 sicci
1596 708 1664 764 et
1689 696 1851 765 torti
1881 696 2052 787 ligni
2083 695 2435 765 brachium
2460 696 2724 764 habens

586 815 1010 874 contractum
1050 813 1118 873 et
1169 804 1460 881 aridum,
1506 803 1592 871 ad
1645 803 1866 895 ipsius
1920 804 2255 871 tumulum
2318 802 2719 871 sanabatur.

588 915 693 980 16.
729 911 840 979 Ad
868 912 1062 1001 cujus
1103 910 1491 991 clamorem,
1536 934 1736 1002 quem
1777 934 1859 978 ex
1898 933 2261 978 nervorum
2302 910 2723 979 distentione

582 1018 884 1085 validum
924 1017 1301 1096 emittebat,
1345 1017 1908 1086 concurrentibus
1942 1016 2056 1108 qui
2089 1017 2377 1086 aderant
2404 1018 2477 1085 in
2508 1019 2723 1086 eccle-

585 1125 716 1210 sia,
758 1135 832 1194 ut
864 1135 1255 1215 spectarent
1294 1124 1721 1211 miraculum,
1763 1124 1912 1215 ipse
1952 1123 2157 1192 etiam
2187 1124 2346 1192 illuc
2380 1148 2455 1192 se
2488 1136 2724 1193 trans·

582 1232 739 1300 tulit
776 1232 1034 1323 pariter
1062 1255 1212 1299 eum
1252 1231 1405 1299 aliis
1436 1230 1524 1299 ad
1555 1231 1945 1299 videndum.
1997 1234 2101 1300 17.
2149 1231 2509 1324 Coepitque
2539 1231 2722 1300 infir·

584 1362 765 1406 mum
804 1338 1172 1430 diligenter
1210 1338 1655 1428 contemplari
1694 1338 2063 1405 fumantem
2101 1337 2172 1405 in
2209 1338 2400 1406 vultu
2441 1348 2535 1425 et,
2578 1363 2721 1429 prae

584 1446 811 1513 nimiis
896 1445 1275 1532 doloribuS,
1350 1445 1715 1537 plurimum
1785 1445 2202 1530 anxiantem,
2267 1456 2471 1536 atque
2535 1445 2721 1514 illius

580 1553 934 1621 brachium
973 1551 1326 1620 evidenter
1367 1551 1668 1621 distendi
1715 1561 1782 1620 et
1819 1552 2177 1620 affluenter
2206 1551 2475 1642 impleri
2515 1576 2721 1621 carne

581 1670 649 1727 et
687 1660 1057 1751 sanguine,
1117 1658 1686 1750 quemadmodum
1737 1682 1874 1727 una
1919 1659 2268 1727 salsutia“
2314 1660 2717 1750 repleretur.

586 1769 691 1836 18.
751 1769 903 1854 Quo
963 1766 1144 1852 vise,
1201 1766 1474 1834 domum
1527 1765 1885 1834 confestim
1947 1766 2379 1857 regreditur3
2442 1767 2721 1858 jamque

578 1884 881 1941 mutatus
911 1874 981 1941 in
1020 1873 1273 1959 anime,
1308 1872 1480 1940 dixit
1510 1872 1704 1940 uxori
1739 1896 1753 1939 :
1788 1872 2104 1959 Domina,
2137 1897 2275 1941 non
2306 1883 2413 1941 est
2442 1882 2714 1963 tempus

580 1980 872 2071 amplius
914 1980 1021 2048 hic
1059 1980 1392 2048 morandi.
1459 1982 1564 2048 19.
1610 1982 1699 2047 Et
1742 1979 1828 2047 ad
1868 1979 2175 2048 ordinem
2213 1990 2355 2048 tam
2408 1979 2543 2047 cito
2599 2003 2720 2047 ve-

579 2087 802 2172 niens,
842 2110 1051 2154 uxore
1092 2086 1178 2154 ad
1217 2086 1549 2154 moniales
1593 2096 1848 2154 sanctae
1881 2086 2105 2175 Clarae
2145 2087 2459 2155 laetanter
2485 2096 2713 2172 eunte,

579 2194 759 2262 circa
796 2194 1046 2286 viginti
1077 2193 1286 2262 millia
1316 2193 1646 2263 librarum
1676 2193 1979 2262 restituit
2016 2193 2100 2261 de
2138 2193 2371 2262 usuris
2395 2196 2443 2262 ¹.

667 2304 836 2370 20...
899 2301 1165 2369 Artifex
1220 2299 1497 2394 quidam
1552 2300 1917 2391 lignariuS‚
1977 2299 2048 2367 in
2104 2299 2415 2369 Marcbia
2467 2300 2714 2369 Tarvi-

579 2432 749 2478 sana
765 2407 817 2495 ὁ,
841 2432 992 2477 cum
1025 2408 1291 2477 sincero
1322 2407 1709 2477 devotionis
1741 2407 1989 2477 affectu
2027 2407 2302 2477 beatum
2333 2408 2711 2477 Antonium

579 2516 710 2584 sibi
740 2515 1045 2607 elegerat
1073 2515 1502 2585 advocatum.
1536 2519 1644 2584 21.
1676 2515 1848 2583 Huic
1873 2514 2481 2602 adolescentulum,
2510 2539 2710 2607 quem

576 2623 872 2691 habebat
901 2623 1112 2690 silium
1141 2623 1336 2691 unice
1375 2622 1869 2714 praedilectum,
1905 2625 2091 2690 Deus
2122 2622 2459 2691 communi
2491 2632 2710 2690 morte

575 2731 955 2810 subtraxit3
1000 2731 1194 2820 cujus
1247 2753 1522 2820 corpuS,
1568 2729 1727 2797 dum
1767 2729 2159 2822 propinqui,
2198 2740 2276 2799 ut
2315 2729 2526 2798 moris
2567 2739 2705 2815 est,

576 2838 845 2905 demum
903 2837 1346 2927 disponerent
1407 2837 1680 2904 tradere
1739 2836 2135 2928 sepulturae,
2191 2846 2412 2928 pater,
2457 2859 2708 2926 corpus

573 2944 881 3012 exanime
908 2968 1224 3029 servans,
1245 2944 1683 3015 adstantibus
1710 2968 1862 3011 cum
1889 2943 2138 3012 fiducia
2161 2967 2413 3034 magna
2441 2942 2702 3010 dicens:

578 3054 818 3142 Spero,
852 3051 1098 3142 inquit,
1140 3051 1320 3142 quod
1359 3051 1602 3119 beatus
1646 3050 2013 3136 AntoniuS,
2056 3074 2256 3141 quem
2304 3061 2453 3119 tota
2498 3049 2709 3117 devo-

572 3159 755 3226 tione
796 3157 1025 3242 dilexi,
1059 3156 1274 3224 dolori
1315 3181 1461 3224 meo
1494 3158 1942 3248 compatiens,
1985 3181 2269 3248 puerum
2308 3157 2469 3224 vitae
2503 3156 2707 3224 resti-

572 3274 718 3333 tuet
749 3275 813 3331 et
854 3263 1083 3331 saluti.
1119 3268 1230 3333 22.
1267 3266 1627 3354 Quumque
1659 3265 1802 3354 jam
1841 3265 2046 3332 tertia
2076 3263 2474 3355 incoepisset
2498 3277 2526 3306 ι·
2556 3263 2705 3330 dies

574 3381 640 3439 et
680 3394 814 3437 non
853 3380 1039 3438 esset
1077 3370 1392 3438 defuncto
1430 3395 1566 3438 vox
1605 3370 2110 3461 quomodolibet
2166 3394 2382 3461 neque
2423 3394 2702 3456 sensuS,

574 3478 781 3545 fiebat
821 3478 1058 3545 amicis
1100 3488 1167 3545 ct
1205 3477 1533 3567 proximis
1566 3477 1740 3568 justi
1800 3477 2204 3568 simplicitas
2251 3477 2322 3544 in
2369 3475 2700 3562 derisum,

573 3609 652 3652 eo
684 3585 863 3676 quod
905 3585 1106 3653 sunus
1152 3584 1573 3671 triduanum,
1624 3584 1805 3676 quod
1844 3584 2115 3675 quidem
2155 3583 2354 3675 quasi
2395 3586 2700 3652 Lazarus

621 3838 667 3869 a.
700 3826 921 3871 Salsutia
952 3838 1009 3869 ou
1037 3826 1252 3873 salonia.
1286 3826 1502 3869 saucisse.
1532 3826 1627 3881 (Cf.
1659 3825 1733 3871 Du
1761 3824 1957 3879 Omen,
1980 3825 2311 3879 Glossarium,
2340 3829 2372 3870 t.
2399 3825 2488 3877 VI,
2515 3838 2555 3881 p.
2585 3825 2636 3871 44
2660 3827 2710 3869 et

567 3898 659 3949 37.)
692 3897 758 3941 Le
784 3901 901 3940 tvxto
927 3909 1051 3952 porte
1074 3898 1271 3942 salucia
1306 3899 1382 3953 qui
1409 3910 1478 3942 me
1504 3899 1678 3941 semble
1705 3898 1871 3942 n'nvoir
1893 3909 2036 3941 aucun
2062 3910 2183 3943 sene.
2213 3921 2266 3931 —
2290 3897 2334 3943 b.
2359 3897 2504 3942 Texte
2529 3898 2705 3942 Tervt‘-

566 3981 698 4012 sana.
719 3991 769 4001 —
795 3982 837 4013 c.
866 3969 1007 4013 'sexte
1030 3970 1376 4025 increpuisset.

634 4150 679 4196 1.
708 4148 781 4197 Ici
814 4162 873 4198 se
892 4150 1081 4199 trouve
1112 4148 1392 4209 intercale,
1411 4147 1551 4199 dans
1578 4148 1628 4198 le
1650 4148 1749 4198 Ms.
1780 4147 1847 4198 de
1871 4148 2136 4209 Lucerne,
2164 4148 2215 4198 le
2240 4149 2376 4199 recit
2396 4146 2466 4198 de
2486 4147 2540 4197 la
2565 4149 2701 4211 gue-

567 4229 717 4278 rison
763 4228 835 4277 du
881 4229 1046 4278 Frere
1089 4228 1414 4287 'l'heodorie‚
1458 4230 1595 4279 recit
1637 4242 1744 4293 que
1786 4230 1867 4279 les
1897 4233 2084 4280 autres
2117 4230 2448 4279 manuscrits
2479 4229 2700 4293 placent

568 4308 795 4358 ailleurs
821 4311 876 4358 et
904 4322 1011 4372 que
1042 4322 1178 4359 nous
1208 4322 1381 4358 avons
1403 4308 1688 4373 reproduit
1715 4308 1841 4374 plus
1871 4309 2022 4360 haut.
