3109 4950
551 407 681 475 252
832 428 957 474 Les
1008 427 1318 475 souncns
1369 428 1455 474 nn
1504 407 1903 476 Ilius-rome
1952 430 2401 477 Ani-omanus

548 576 617 635 et
641 576 958 657 rogatus,
1000 566 1128 636 ivit
1176 570 1522 636 Veronam
1573 579 1640 636 et
1682 568 1859 639 fudit
1895 593 2133 660 preces
2173 570 2504 661 plurimas
2539 595 2679 641 rec-

546 674 812 742 toribus
841 673 1295 760 Lombardiae,
1340 675 1668 765 potestati
1699 685 1768 744 et
1819 676 2093 743 domino
2133 678 2450 745 Eccelino
2503 679 2680 747 suis·

547 804 680 871 que
720 780 1131 848 consiliariis
1162 780 1244 848 de
1285 784 1586 862 Verona,
1630 792 1705 848 ut
1743 782 2058 851 comitem
2098 795 2166 851 et
2206 784 2461 852 amicos
2503 785 2676 876 ejus,

547 912 719 979 quos
762 887 1090 956 tenebant
1131 898 1368 978 captos
1408 888 1480 955 in
1529 889 1967 968 Lombardia,
2010 889 2093 957 de
2133 891 2524 960 carceribus
2574 917 2681 960 re·

546 995 881 1062 laxarent.
942 994 1077 1063 Sed
1117 994 1283 1062 nihil
1323 1018 1591 1085 preceS,
1632 996 1839 1063 etiam
1880 997 1939 1063 si
1992 996 2132 1064 sint
2162 997 2397 1087 justae,
2444 999 2677 1066 fructi-

547 1102 754 1170 ficant
814 1101 931 1170 ubi
985 1101 1210 1169 nullus
1280 1113 1387 1171 est
1444 1102 1884 1170 ramunculus
1945 1104 2277 1173 caritatis.
2349 1109 2426 1174 In
2496 1105 2679 1173 nullo

546 1233 837 1300 namque
876 1209 1149 1299 penitus
1189 1209 1577 1296 exauditae,
1631 1234 1998 1301 regressus
2040 1211 2364 1294 Paduam,
2407 1212 2476 1278 in
2516 1237 2681 1280 con-

543 1316 982 1406 templatione
1022 1316 1285 1383 cunctis
1318 1315 1580 1385 Christi
1617 1316 1934 1385 fidelibus
1982 1317 2379 1399 reverenda,
2422 1319 2492 1386 in
2530 1320 2680 1388 loco

545 1423 743 1514 quasi
802 1421 1100 1502 desert0‚
1170 1423 1389 1491 voluit
1448 1423 1696 1491 ducere
1751 1424 1967 1492 vitam
2030 1449 2249 1492 suam.
2302 1428 2418 1502 Et,
2477 1448 2680 1494 cons-

542 1539 768 1597 tructa
834 1529 965 1596 sibi
1023 1529 1318 1620 quadam
1382 1529 1805 1598 habitatione
1858 1531 2269 1622 paupercula
2323 1555 2533 1623 prope
2590 1533 2675 1601 ad

539 1636 773 1703 villam
815 1635 898 1702 de
955 1638 1216 1726 Campo
1263 1636 1483 1704 sancti
1539 1637 1725 1704 Petri
1793 1637 2136 1706 Paduanae
2189 1637 2557 1725 dioecesiS,
2606 1640 2675 1706 in

543 1743 788 1811 arbore
854 1741 1150 1833 quadam
1203 1766 1501 1821 ramosa,
1560 1767 1729 1812 nuce
1769 1745 2113 1822 videlicet,
2175 1743 2283 1812 die
2333 1757 2670 1837 noctuque

540 1852 925 1941 regyrans¹
1002 1859 1203 1917 vetus
1281 1859 1767 1918 testamentum
1847 1861 1914 1918 et
2000 1875 2285 1931 novum,
2373 1854 2674 1921 scribere

536 1956 828 2047 parabat
895 1956 1091 2023 utilia
1150 1957 1274 2024 toti
1337 1955 1587 2047 populo
1654 1956 2053 2026 christiano,
2119 1958 2544 2050 Scripsitque
2607 1969 2675 2028 et

537 2064 710 2130 vixit
746 2073 823 2132 ut
860 2062 1115 2155 legitur
1153 2063 1222 2130 in
1268 2063 1561 2155 legenda
1600 2064 1845 2154 ipsius.

631 2169 766 2238 Sed
831 2180 1119 2237 vocatus
1177 2182 1285 2238 est
1335 2170 1581 2238 beatus
1648 2162 1797 2238 iste⁴
1834 2172 2186 2240 consessor
2236 2172 2324 2240 ad
2375 2173 2669 2263 patriam

540 2276 887 2345 meliorem
935 2288 1004 2344 et
1043 2277 1219 2344 situs
1258 2276 1327 2344 in
1377 2276 1613 2345 ordine
1663 2279 2130 2370 angelorum‘2‚
2175 2302 2356 2346 anno
2399 2279 2669 2347 Domini

540 2386 1005 2463 MCCXXXI,
1076 2383 1184 2451 die
1254 2386 1422 2451 XIII
1480 2384 1782 2453 intrante
1841 2385 2078 2478 junio;
2152 2387 2345 2478 cujus
2421 2409 2669 2477 corpus

539 2491 1075 2570 sanctissimum,
1146 2491 1559 2560 translatum
1624 2493 1993 2561 honorifice
2046 2494 2115 2561 in
2193 2517 2425 2562 arcam
2487 2518 2672 2562 mar-

538 2622 838 2667 moream
912 2599 995 2667 de
1048 2599 1337 2666 ecclesia
1413 2623 1564 2689 quae
1642 2611 1791 2668 erat
1861 2602 2114 2669 Sancta
2174 2600 2397 2668 Maria
2454 2611 2672 2669 mater

538 2705 838 2794 Domini,
908 2705 1226 2797 usquein
1294 2704 1697 2774 hodiernum
1749 2705 1926 2774 diem
1988 2707 2358 2799 requiescit
2393 2706 2463 2775 in
2520 2708 2669 2776 Ioco

538 2837 816 2882 suorum
857 2813 1170 2881 fratrum.
1225 2813 1690 2881 Canonizatus
1735 2824 1987 2892 autem,
2030 2814 2266 2907 dignis
2304 2814 2570 2883 meritis
2601 2825 2671 2883 et

537 2920 838 3011 expertis
871 2944 993 3011 per
1031 2930 1343 2988 sanctam
1384 2924 1761 2989 Romanam
1792 2921 2173 3004 ecclesiam,
2206 2922 2383 2990 idem
2422 2922 2668 2989 beatus

537 3027 877 3095 Antonius
943 3026 1304 3096 intercedit
1361 3027 1730 3096 salubriter
1801 3052 1925 3119 pro
1991 3030 2256 3098 cunctis
2317 3029 2661 3108 fidelibus,

537 3134 954 3226 prodestque
1003 3144 1072 3203 et
1109 3133 1353 3225 prosit,
1396 3134 1579 3202 omni
1630 3145 1959 3225 tempore,
2002 3136 2253 3227 populo
2310 3135 2663 3220 PaduanO,

538 3243 730 3333 cujus
762 3252 868 3310 est
898 3266 1059 3333 spes
1090 3251 1157 3309 et
1185 3239 1458 3330 fiducia,
1479 3251 1666 3310 tutor
1696 3252 1763 3309 et
1792 3243 2132 3334 refugium
2162 3253 2230 3311 et
2258 3255 2590 3334 patronus
2610 3245 2661 3311 3.

697 3521 780 3573 lo·
814 3522 885 3572 et
917 3520 1000 3572 11·
1028 3520 1303 3573 Thomas
1337 3518 1417 3572 de
1450 3519 1688 3572 Gelano
1722 3521 1793 3573 et
1823 3519 1993 3573 saint
2023 3520 2504 3576 Bonaventure.

592 3737 836 3787 Thomas
866 3735 934 3786 de
960 3734 1170 3786 Celano
1194 3748 1262 3786 ne
1288 3735 1443 3799 parte
1472 3733 1542 3785 de
1577 3736 1724 3786 saint
1748 3736 1989 3786 Autome
2022 3736 2149 3800 qu'a
2174 3749 2383 3801 propos
2411 3734 2481 3787 de
2506 3736 2667 3801 l'epi-

528 3817 666 3870 sode
696 3817 770 3868 du
796 3817 1047 3881 chapitre
1075 3814 1310 3878 d’ArleS,
1342 3815 1475 3881 qu’il
1505 3818 1680 3867 relate
1706 3829 1773 3867 en
1802 3828 1895 3868 ces
1925 3818 2162 3867 termes:

588 4079 625 4124 1.
657 4080 937 4135 Reqyranffi
958 4076 1253 4121 c'est-a-dire
1278 4076 1554 4128 revolvens,
1578 4077 1769 4122 relisum
1791 4086 1836 4121 et
1860 4076 2079 4122 ineditam
2103 4088 2210 4122 sans
2234 4088 2379 4122 cesse.
2403 4100 2456 4111 —
2481 4075 2555 4124 Cf.
2582 4077 2661 4123 Dc

533 4150 729 4203 GAnon,
754 4149 1085 4202 Glossarium,
1111 4157 1215 4200 etc..
1239 4152 1272 4193 t.
1295 4148 1356 4200 V,
1378 4161 1422 4204 p.
1444 4149 1537 4194 679.

583 4223 625 4267 2.
657 4222 748 4274 Ou,
774 4220 1020 4276 peut-etro,
1047 4219 1178 4265 citus
1203 4220 1256 4264 in
1282 4220 1512 4265 ordinem
1539 4220 1856 4276 angelorum.

584 4296 624 4339 3.
657 4294 979 4345 Romanum,
1003 4292 1202 4346 Chr-on„
1225 4292 1306 4336 lib.
1333 4290 1434 4346 111,
1455 4304 1555 4349 cap.
1576 4293 1632 4347 V,
1654 4304 1727 4348 ap.
1755 4292 2045 4345 Μυιυιτοιιι,
2070 4301 2104 4337 t.
2126 4290 2273 4346 vm,
2290 4293 2378 4339 coi.
2394 4292 2477 4339 202
2501 4302 2545 4338 ot
2563 4293 2661 4339 203.
