3109 4950
607 424 694 490 50
941 444 1002 490 s,
1055 442 1343 490 Ani-omn
1393 444 1716 491 LEGENDA
1765 445 2015 505 panum,
2074 426 2154 491 14
2193 446 2276 491 m·
2319 428 2400 493 15

874 840 987 896 14.
1037 839 1414 910 Quomodo
1443 842 1757 899 mortem
1787 852 2004 899 suam
2031 839 2391 911 praedixit
2415 845 2467 897 ἃ.

696 1104 756 1169 1.
801 1100 1166 1169 Gloriosus
1207 1101 1421 1193 igitur
1464 1103 1820 1170 consessor
1865 1102 2038 1170 Dei⁶
2083 1103 2426 1171 Antonius
2475 1104 2733 1172 obitum

604 1231 802 1275 suurn
840 1208 1045 1299 longe
1093 1219 1252 1276 ante
1314 1209 1686 1300 praescivit.
1749 1212 1850 1277 Ne
1899 1220 2127 1277 tamen
2189 1210 2442 1278 fratres
2498 1210 2733 1278 admo-

602 1314 814 1381 dumc
879 1315 1227 1383 desolatos
1294 1315 1634 1394 redderet,
1714 1316 1978 1383 cautad
2040 1315 2560 1384 dissolutionem
2625 1317 2729 1383 sui

603 1422 908 1512 corporis
934 1422 1397 1489 imminentem
1420 1422 1967 1491 dissimulatione
1991 1437 2016 1467 ⁶
2048 1423 2335 1492 celabat.
2374 1427 2439 1492 2.
2471 1427 2642 1491 Nam
2662 1425 2727 1503 s,

602 1529 839 1619 quinto
878 1528 1139 1597 decimo
1189 1529 1512 1597 circiter&
1573 1529 1680 1597 die
1722 1540 2086 1620 antequam
2143 1530 2447 1598 debitum
2503 1530 2729 1598 carnis

601 1635 1010 1722 exsolveret,
1039 1659 1244 1726 quum
1286 1659 1493 1726 super
1529 1636 1768 1703 collem
1807 1636 2222 1726 quemdam&
2260 1637 2675 1705 constitutus
2715 1636 2730 1678 ²

599 1766 938 1811 amoenam
991 1743 1295 1811 Paduaeae‘
1351 1742 1701 1833 planitiem
1752 1743 2249 1834 prospexisset,
2294 1744 2609 1812 exultans
2660 1743 2731 1810 in

599 1849 871 1940 spiritu,
938 1849 1239 1918 civitatis
1308 1850 1513 1917 situm
1579 1849 1884 1917 mirificis
1951 1850 2268 1919 laudibus
2334 1851 2742 1923 extollebat..

595 1959 662 2025 3.
707 1956 1294 2047 conversusqueh
1333 1956 1419 2024 ad
1458 1956 1738 2024 fratrem
1775 1956 2041 2025 itineris
2089 1957 2427 2038 comitem,
2479 1980 2730 2048 magno

595 2086 744 2130 eam
802 2062 1056 2131 honore
1107 2063 1179 2130 in
1233 2063 1541 2153 proximo
1605 2063 2102 2131 decorandaml
2171 2063 2509 2154 praedixit.
2555 2064 2728 2152 Quis

593 2178 824 2237 tamen
854 2162 1070 2237 honor
1109 2179 1226 2237 aut
1279 2193 1412 2260 quo
1436 2182 1489 2213 ’ῃ
1529 2165 1981 2238 conferendus
2021 2180 2208 2238 esset
2247 2181 2580 2239 auctoren
2610 2195 2727 2239 ne-

593 2300 935 2368 quaquam
975 2276 1336 2345 subintulit
1359 2288 1410 2344 0.
1455 2279 1522 2344 4.
1568 2278 1787 2365 Quem
1831 2277 2133 2368 profecto
2173 2277 2516 2345 Paduanae
2555 2277 2723 2345 civi-

593 2381 758 2449 tatis
789 2381 1100 2450 decorem
1120 2393 1154 2438 Ρ
1193 2405 1328 2449 non
1348 2381 1531 2449 aliud
1563 2405 1766 2472 quam
1803 2381 2191 2450 sanctitatis
2218 2383 2367 2472 ejus
2391 2394 2422 2437 ‘1
2453 2382 2717 2470 merita,

593 2489 841 2580 quibus
893 2514 930 2557 e
988 2490 1214 2558 vicino
1271 2489 1679 2557 illustranda
1736 2490 1982 2570 suerat,
2037 2490 2416 2572 credimus;
2474 2490 2722 2581 quibus

591 2619 741 2663 eam
772 2608 801 2640 Υ
853 2606 994 2665 tarn
1050 2596 1436 2665 admirabili
1490 2620 1694 2687 quam
1752 2596 2088 2689 singulari
2153 2596 2353 2665 laude
2404 2597 2724 2689 magnifi-

591 2713 814 2771 catam
842 2715 867 2748 ⁸
912 2703 1249 2772 videmuS.

687 3067 799 3126 15.
833 3067 939 3125 De
971 3066 1171 3126 cella
1197 3079 1421 3137 quam
1452 3080 1679 3137 super
1704 3065 2329 3126 nucem‘construi
2358 3065 2542 3126 fecit
2581 3063 2621 3123 ί.

680 3333 738 3397 1.
788 3332 1067 3397 Factum
1098 3339 1205 3398 est
1233 3340 1484 3412 autem,
1528 3330 1688 3397 dum
1718 3330 1862 3398 haec
1891 3340 2286 3422 agerentur,
2320 3340 2396 3398 ut
2424 3354 2460 3398 e
2488 3328 2715 3398 vicino

583 3447 852 3528 tempus
906 3437 1155 3506 messis
1211 3436 1527 3505 instaret.
1585 3441 1647 3505 2.
1699 3437 1961 3507 Videns
2018 3436 2285 3529 igituru
2346 3437 2568 3505 fidelis
2635 3459 2714 3505 ac

635 3683 682 3716 a.
716 3669 852 3714 Paris
889 3671 1149 3725 Quomodo
1175 3669 1409 3727 praedixit
1439 3671 1670 3716 Paduam
1699 3671 2064 3716 honorandam.
2090 3695 2142 3704 —
2172 3671 2212 3715 b.
2247 3669 2383 3715 Paris
2411 3668 2634 3714 Domini.
2660 3692 2716 3704 —

580 3753 622 3786 c.
644 3743 748 3786 Alc.
770 3743 851 3786 ‘286
870 3753 915 3786 et
939 3743 1043 3786 Alc.
1069 3743 1150 3788 293
1174 3742 1363 3787 Tamen
1380 3745 1426 3786 et
1446 3755 1509 3786 ne
1540 3741 1726 3798 fratres
1752 3742 2044 3787 admodum.
2078 3741 2212 3786 Paris
2233 3742 2310 3787 Ne
2338 3745 2505 3786 tamen
2535 3743 2716 3786 admo-

578 3814 703 3858 dum
728 3813 928 3868 sratres.
946 3837 999 3847 —
1028 3816 1077 3860 d.
1108 3814 1212 3858 Alc.
1231 3815 1311 3860 286
1339 3823 1384 3858 et
1416 3813 1523 3857 Alc.
1547 3814 1629 3859 293
1658 3817 1812 3858 tanta.
1833 3837 1886 3846 —
1913 3826 1954 3858 e.
1981 3813 2089 3857 Alc.
2113 3815 2193 3859 293
2221 3823 2266 3857 et
2299 3812 2434 3857 Paris
2466 3812 2715 3857 dissimu-

579 3885 763 3930 latione
793 3886 1145 3931 imminentem
1173 3887 1256 3931 sui
1282 3885 1510 3942 corporis
1538 3885 1941 3930 dissolutionem.
1973 3907 2027 3918 —
2059 3885 2096 3940 s.
2127 3884 2237 3929 Pad.
2272 3884 2399 3938 jam.
2432 3906 2489 3918 —
2509 3896 2557 3940 9.
2595 3884 2713 3929 Luc.

576 3970 666 4001 om.
684 3956 902 4002 circiter.
937 3958 1070 4001 Paris
1093 3961 1140 4001 et
1160 3958 1341 4012 quinta
1355 3957 1551 4001 decima
1571 3957 1789 4001 circiter.
1807 3980 1857 3991 —
1879 3958 1926 4000 h.
1947 3956 2061 4002 Luc.
2076 3957 2286 4011 quidam
2310 3954 2471 4011 frater
2491 3956 2542 3999 in
2569 3956 2711 4000 colle.

572 4052 626 4062 —-
656 4031 688 4073 i.
714 4032 818 4074 Alc.
844 4031 924 4076 280
954 4034 1256 4076 constratus.
1282 4053 1336 4063 —
1370 4030 1410 4085 j.
1443 4031 1549 4074 Alc.
1576 4032 1655 4076 286
1680 4040 1725 4075 et
1748 4032 1851 4074 Alc.
1882 4032 1961 4076 293
1991 4031 2260 4074 Paduanae.
2298 4029 2411 4073 Pad.
2451 4029 2708 4074 Paduanae

574 4099 811 4146 civitatis.
835 4124 889 4134 —
910 4102 955 4145 k.
992 4101 1124 4155 Luc.‚
1155 4102 1285 4155 Pad„
1318 4101 1454 4145 Paris
1474 4113 1747 4145 conversus
1780 4102 2003 4145 demum.
2026 4124 2081 4133 -
2110 4100 2140 4145 l.
2172 4101 2280 4145 Alc.
2300 4101 2380 4146 286
2405 4101 2711 4145 decoratam.

571 4194 626 4203 —
646 4182 714 4216 m.
742 4172 876 4216 Puris
896 4185 926 4216 a
949 4183 1063 4227 quo.
1088 4195 1144 4205 —
1181 4185 1231 4217 n.
1258 4173 1363 4218 Alc.
1399 4173 1480 4217 286
1516 4177 1709 4217 auctor.
1743 4194 1796 4206 —
1824 4185 1869 4216 o.
1908 4171 2021 4216 Pad.
2061 4172 2158 4216 sibi
2201 4171 2388 4216 intulit.
2410 4194 2464 4204 —
2490 4183 2541 4226 p.
2574 4170 2711 4215 Paris

573 4243 833 4288 honorem.
852 4266 906 4276 —
928 4255 976 4299 q.
1009 4244 1144 4287 Paris
1166 4257 1255 4288 om.
1280 4244 1406 4298 ejus.
1428 4267 1481 4277 —
1513 4257 1554 4288 r.
1579 4243 1643 4289 Ce
1667 4253 1758 4288 mot
1787 4252 1857 4287 est
1882 4242 2030 4286 donne
2054 4255 2134 4298 par
2157 4255 2241 4286 ms.
2265 4242 2416 4287 Paris.
2433 4266 2488 4276 —
2505 4254 2547 4287 8.
2575 4242 2712 4286 Puris

571 4314 915 4369 mirificatam.
935 4338 990 4348 —
1010 4319 1042 4360 l.
1067 4316 1199 4360 Paris
1216 4317 1285 4360 De
1299 4316 1424 4361 cella
1450 4327 1604 4370 quam
1621 4314 1794 4360 habuit
1818 4327 1973 4371 super
1989 4326 2186 4360 nucem.
2203 4326 2320 4359 —u.
2351 4314 2486 4358 Paris
2509 4317 2699 4359 autem.
