3109 4950
571 419 657 489 70
1029 440 1088 486 S.
1140 440 1434 486 Auronn
1484 439 1809 487 uzol-:nm
1859 441 2101 502 rama»,
2153 422 2238 489 25

660 582 764 647 12.
800 579 967 647 Post
996 579 1141 647 haec
1171 589 1425 660 autem,
1460 578 1824 671 episcopus
1857 579 2162 648 civitatis
2194 603 2344 648 cum
2375 581 2701 650 universo

566 687 772 769 clem,
825 685 947 754 sed
1003 696 1070 755 et
1126 696 1440 778 potestas
1489 711 1642 754 cum
1691 686 1950 778 gravia
2004 687 2253 755 civium
2295 712 2576 758 numero
2613 688 2699 758 ad

567 794 825 863 Cellam
858 793 1273 862 conveniunt
1309 804 1401 874 et,
1445 794 1783 863 ordinatis
1814 794 2399 885 processionibus»,
2444 796 2702 864 beatis-

565 900 720 968 simi
759 900 1039 969 Antonii
1080 923 1353 991 coerS‚
1384 925 1534 969 cum
1566 901 1839 992 hymnis
1873 912 1939 969 et
1969 901 2286 970 laudibus
2317 914 2385 971 et
2415 903 2698 971 canticis

565 1007 1064 1099 spiritualibu5‚
1107 1032 1229 1099 per
1257 1007 1554 1077 medium
1595 1007 1863 1099 Capitis
1904 1009 2143 1078 Pontis
2196 1008 2284 1076 ad
2342 1009 2699 1078 ecclesiam

566 1125 823 1183 sanctae
866 1114 990 1183 Dei
1029 1108 1385 1206 genitricis
1418 1115 1684 1196 Mariae,
1728 1139 1880 1183 cum
1929 1116 2103 1184 mira
2141 1116 2440 1184 omnium
2479 1117 2696 1186 exsul·

563 1221 848 1307 tatione,
880 1232 1355 1314 transportant
1382 1222 1431 1290 ⁶.
1496 1226 1601 1292 13.
1649 1222 1782 1291 Sed
1823 1232 1891 1290 et
1928 1223 2273 1315 principes
2302 1237 2329 1267 ⁶
2371 1224 2602 1315 populi
2632 1233 2699 1292 et

562 1328 776 1397 totius
807 1328 1109 1397 civitatis
1139 1329 1337 1421 primi
1368 1328 1454 1396 ad
1485 1329 1894 1420 portandum
1927 1329 2245 1399 humeros
2277 1341 2694 1422 supponunt,

565 1436 804 1504 beatos
844 1459 920 1503 se
950 1437 1093 1504 fore
1122 1446 1444 1527 putantes
1484 1437 1600 1528 qui
1638 1436 1931 1505 loculum
1972 1437 2085 1505 vel
2130 1437 2373 1506 leviter
2410 1448 2698 1529 tangere

565 1553 987 1611 mererentur
1007 1543 1064 1611 d.
1109 1545 1213 1612 14.
1250 1547 1516 1612 Tantus
1548 1543 1839 1635 denique
1879 1544 2100 1612 factus
2150 1555 2259 1612 est
2295 1546 2698 1636 populorum

565 1674 938 1719 concursus
975 1660 1076 1732 ut,
1119 1674 1259 1741 prae
1289 1650 1748 1730 multitudine,
1795 1650 1995 1718 simul
2034 1675 2157 1742 per
2194 1652 2490 1720 medium
2535 1652 2702 1720 civi-

562 1757 729 1825 tatis
779 1757 1094 1826 incedere
1134 1781 1269 1825 non
1315 1758 1629 1826 valerent
1675 1758 1865 1849 quin,
1926 1758 2155 1848 potius
2205 1768 2541 1851 gyrantes
2580 1783 2702 1850 per

565 1865 854 1956 plateaS‚
909 1864 1101 1932 vicos
1155 1889 1234 1933 ac
1292 1864 1735 1933 suburbana⁶
1798 1864 2125 1946 civitati3‚
2193 1889 2398 1934 cursu
2459 1865 2699 1957 rapido

563 1971 1070 2063 processionem
1101 1972 1583 2062 praevenirent.

660 2083 764 2147 15.
811 2078 1069 2146 Omnes
1109 2089 1334 2146 autem
1387 2088 1721 2170 quotquot
1778 2101 2013 2158 cereos
2070 2079 2324 2148 habere
2381 2089 2700 2172 poterant

565 2208 893 2253 accensos
930 2184 1002 2252 in
1041 2185 1354 2253 manibus
1395 2185 1827 2268 deserebant3
1862 2197 2190 2277 tantaque
2229 2198 2378 2255 erat
2408 2187 2699 2254 lumina-

516 2381 527 2392 ·
566 2293 738 2360 rium
770 2292 965 2382 copia
991 2303 1070 2360 ut
1097 2292 1295 2383 quasi
1325 2302 1471 2361 tota
1502 2293 1748 2361 civitas
1778 2293 2051 2361 arderet
2075 2293 2116 2350 f
2144 2294 2305 2386 igne
2337 2317 2691 2362 succensa.

571 2403 673 2469 16.
707 2401 1066 2492 Quumque
1088 2399 1175 2467 ad
1204 2399 1561 2468 ecclesiam
1590 2410 1846 2468 sanctae
1887 2401 2012 2469 Dei
2052 2401 2407 2493 genitricis
2427 2400 2693 2482 Mariae,

566 2507 756 2575 finita
797 2508 1239 2598 processione
1263 2522 1324 2589 ὅ,
1356 2519 1639 2576 ventum
1669 2509 1935 2590 fuisset,
1974 2509 2361 2600 episcopus,
2397 2508 2700 2577 celebra-

563 2615 657 2683 tis
697 2614 1064 2683 missarum
1105 2615 1480 2693 solemnii5‚
1522 2615 1706 2683 beati
1746 2615 2080 2682 Antonii‘²
2127 2640 2375 2707 corpus
2422 2615 2701 2684 honori-

564 2722 688 2788 fice
742 2721 1046 2790 condidit
1109 2745 1213 2802 ac,
1285 2721 1530 2790 solutis
1589 2722 2036 2790 humanitatis
2108 2723 2413 2814 exequiis
2441 2724 2482 2804 1⁴,
2546 2746 2699 2791 cum

564 2829 787 2895 omniJ'
833 2829 1287 2897 exsultatione
1318 2829 1403 2896 ad
1436 2829 1763 2920 propria*
1801 2829 2159 2898 remeavit.

566 3192 686 3252 25.
716 3192 821 3249 De
849 3189 1244 3252 miraculis
1276 3191 1353 3250 ln
1383 3191 1750 3265 generali,
1800 3193 2063 3250 eadem
2093 3190 2239 3266 dle,
2270 3189 2633 3252 exhibitis
2648 3188 2693 3250 1.

661 3441 721 3505 1.
768 3436 1012 3506 Statim
1066 3446 1316 3517 autem,
1373 3436 1482 3505 die
1521 3436 1784 3517 eadem,
1827 3435 2265 3528 quamplures
2305 3436 2492 3505 allati
2534 3447 2698 3504 sunt

564 3544 780 3614 variis
845 3543 1357 3612 infirmitatibus
1424 3542 1707 3623 detenti,
1768 3543 1884 3634 qui
1943 3566 2099 3610 mox
2162 3543 2348 3611 beati
2415 3542 2698 3610 Antonii

567 3651 828 3720 meritis
880 3650 1190 3741 pristinae
1256 3650 1555 3718 restituti
1619 3660 1781 3718 sunt
1837 3649 2145 3718 sanitati.
2190 3653 2255 3718 2.
2300 3651 2524 3736 Quam
2563 3649 2698 3717 cito

566 3759 742 3827 enirn
784 3757 1094 3825 infirmus
1125 3757 1531 3849 quicumque
1563 3781 1791 3824 arcam
1832 3744 2161 3848 tetigerat
2187 3771 2259 3837 m,
2295 3780 2450 3824 mox
2489 3757 2700 3848 depo-

614 3968 662 4000 ει.
685 3954 820 3999 Paris
838 3953 1035 4010 orandi.
1057 3975 1112 3987 —
1136 3953 1180 3997 b.
1203 3953 1318 3997 Luc.
1340 3956 1730 4009 transportatur.
1759 3952 1868 3997 Nat.
1895 3952 2042 4004 14363,
2066 3952 2197 4007 Pac..
2220 3952 2353 3997 Paris
2374 3955 2699 4010 transporta-

564 4029 761 4072 verunt.
793 4048 847 4059 —
876 4037 919 4070 c.
962 4025 1076 4069 Luc.
1109 4024 1366 4081 princeps.
1402 4047 1456 4057 —
1488 4026 1535 4070 d.
1573 4025 1708 4079 Luc..
1742 4023 1872 4077 Pad..
1905 4024 2038 4069 Paris
2073 4028 2386 4069 meruerunt.
2421 4047 2476 4057 —
2508 4036 2550 4069 e.
2583 4024 2702 4069 Pnd-

563 4097 888 4144 suburbania.
909 4119 962 4129 —
985 4097 1023 4152 s.
1055 4096 1188 4141 Paris
1222 4097 1419 4141 arderet
1453 4096 1650 4141 civitas.
1684 4118 1737 4129 -
1764 4108 1809 4151 9.
1838 4096 1954 4140 Luc.
1987 4108 2080 4141 om.
2111 4095 2256 4151 linita
2288 4095 2625 4152 processione.
2644 4118 2703 4130 —

563 4171 614 4215 h.
638 4169 772 4214 Paris
792 4168 904 4212 viri.
926 4190 979 4203 -·-
1008 4167 1039 4212 ι’.
1062 4168 1166 4212 Alc.
1200 4168 1280 4213 285
1313 4168 1545 4222 exequiae.
1584 4191 1638 4201 —
1661 4167 1705 4223 J'.
1728 4167 1862 4220 Luc..
1901 4166 2012 4212 Pad.
2053 4167 2302 4212 omnium.
2331 4189 2386 4200 —
2411 4167 2459 4211 k.
2479 4166 2613 4212 Paris
2632 4168 2702 4211 ad

561 4240 774 4298 propria
802 4250 921 4284 cum
946 4239 1086 4283 omni
1115 4239 1463 4285 exsultatione.
1496 4261 1550 4272 -
1581 4239 1613 4284 l.
1650 4239 1713 4285 Ge
1746 4239 1951 4295 chapitre
1971 4250 2165 4296 manque
2187 4249 2245 4283 en
2273 4238 2424 4283 entier
2457 4238 2571 4283 dans
2589 4238 2700 4285 Alc.

563 4313 659 4359 293.
696 4311 830 4356 Paris
862 4323 920 4356 en
951 4323 1041 4356 om.
1064 4312 1106 4356 le
1129 4312 1250 4356 titre.
1271 4333 1324 4346 -
1345 4322 1411 4357 m.
1434 4310 1568 4356 Paris
1587 4309 1764 4368 tctiqit.
