3109 4950
518 409 608 478 78
984 428 1044 474 S.
1096 428 1384 474 ΑΝτοΝιι
1433 428 1756 475 mosum
1805 428 2048 488 vanu,
2101 408 2188 476 28

519 566 775 658 recepti
814 577 999 635 sunt.
1060 570 1164 637 18.
1215 567 1397 656 Quid
1436 568 1702 638 multa?
1744 567 2220 638 Convenitura
2272 591 2545 636 rursum
2585 578 2655 636 et

520 673 604 742 de
640 673 1024 743 beatissimi
1062 674 1344 744 Antonii
1394 674 1909 743 canonizatione
1934 674 1960 718 ⁶
2012 674 2083 742 in
2128 674 2498 766 praesentia
2541 674 2653 743 do-

518 781 682 848 mini
748 805 945 873 papae
968 795 995 825 ⁶
1062 792 1131 850 et
1196 781 1645 850 cardinalium
1716 781 2168 850 universitate
2243 782 2655 873 propensius

515 896 854 957 tractatur
885 911 987 969 ac,
1015 899 1251 958 coacto
1284 888 1606 956 demumd
1644 888 1954 970 concilio,
1984 888 2258 960 domino
2283 889 2579 958 Johanni
2600 902 2654 975 ⁶,

518 995 882 1063 Sabinensi
921 996 1269 1087 episcop0‚
1313 995 1659 1088 generalis
1711 995 2193 1063 miraculorum
2245 995 2657 1066 examinatio

518 1111 587 1169 et
629 1102 1168 1170 examinatorum
1211 1101 1616 1194 approbatio
1666 1101 2201 1171 commendatur.
2253 1104 2359 1173 19.
2403 1104 2498 1170 At
2535 1101 2658 1169 do-

518 1208 744 1276 minus
783 1208 920 1290 ille,
974 1232 1181 1300 super
1232 1209 1602 1277 commissa
1642 1209 1776 1278 sibi
1815 1209 2040 1278 curas
2091 1208 2327 1276 haud&
2369 1209 2655 1299 segnius

521 1339 763 1407 agenS,
792 1339 1070 1384 causam
1095 1315 1456 1385 sollicitius
1477 1314 1819 1408 promovit
1844 1327 1911 1383 et
1933 1316 1990 1397 ¹⁸,
2016 1316 2369 1407 insperato
2392 1316 2655 1383 cunctis

520 1422 848 1512 temporis
890 1423 1141 1514 spati0,
1188 1447 1261 1491 se
1302 1446 1509 1514 super
1536 1422 1739 1492 dictis
1775 1423 2274 1491 examinatione
2310 1432 2380 1494 et
2417 1445 2655 1514 appro-

520 1530 794 1598 batione
834 1530 1109 1621 penitus
1139 1530 1490 1622 expedivit
1528 1530 1568 1599 ἰ.
1688 1521 1694 1526 ’

856 1893 977 1954 28.
1024 1893 1131 1952 De
1180 1892 1471 1952 visione
1528 1892 1829 1953 coelitus
1886 1891 2233 1952 exhibita
2260 1886 2311 1951 ἰ.

618 2161 678 2224 1.
725 2159 912 2225 Inter
941 2157 1084 2225 haec
1115 2154 1340 2225 autem
1378 2167 1585 2249 urget
1613 2180 1789 2226 nova
1829 2150 2108 2225 nuntios
2139 2155 2505 2224 Paduanos
2535 2153 2653 2223 im·

517 2263 798 2354 provisa
842 2264 1272 2332 necessitas*
1314 2287 1394 2332 ac
1422 2263 1952 2355 praecedentium
1988 2264 2116 2331 rite
2170 2264 2652 2331 successuum‘

522 2382 916 2461 emergente
947 2394 1157 2439 causa
1196 2371 1513 2441 turbatur
1544 2370 1968 2462 jucunditas.
2012 2374 2074 2438 2.
2112 2373 2332 2438 Erant
2361 2393 2651 2461 namque

524 2478 909 2546 cardinales
950 2478 1250 2569 quidam,
1285 2479 1590 2547 moribus
1630 2489 1698 2548 et
1736 2479 2123 2548 litteratura
2153 2477 2331 2547 inter
2362 2488 2649 2546 caeteros

520 2585 862 2676 principes
895 2585 1200 2653 ecclesiae
1232 2609 1366 2654 non
1396 2585 1803 2672 mediocres,
1846 2585 1986 2677 qui,
2030 2586 2172 2654 zelo
2213 2584 2655 2653 consuetudi-

520 2692 627 2760 nis
694 2691 1176 2761 ecclesiasticae
1243 2715 1323 2760 ac
1382 2693 1712 2783 temporis
1770 2693 1954 2761 ducti
2011 2693 2376 2775 brevitate,
2449 2715 2655 2782 super

518 2809 713 2868 tanta
744 2822 878 2867 non
909 2810 1048 2867 tam
1080 2799 1588 2890 praecipitanter
1627 2798 1971 2892 agendum
2009 2824 2218 2868 causa
2258 2800 2462 2868 forem
2494 2823 2653 2868 cen-

524 2905 807 2988 sebant;
841 2906 1130 2973 maxime
1161 2907 1319 2997 quia
1346 2907 1645 2974 nondum
1670 2916 1828 2998 post
1857 2917 2142 2976 mortem
2167 2907 2351 2975 beati
2374 2905 2658 2974 Antonii

520 3036 741 3080 annus
792 3014 1189 3095 effluxerat3
1244 3012 1582 3104 ideoque¹²
1627 3013 1699 3080 in
1751 3014 1898 3105 ejus
1954 3013 2468 3082 canonizatione
2522 3036 2658 3080 non

520 3120 655 3186 nisi
696 3119 926 3186 debita
982 3119 1311 3209 temporis
1369 3120 1820 3211 congruentia
1874 3144 1948 3187 se
1994 3119 2382 3189 consentire
2420 3143 2653 3211 posse,

524 3250 647 3294 nec
685 3226 888 3313 velle,
922 3227 1187 3294 cautius
1227 3227 1636 3295 asserebant
1660 3242 1714 3296 ⁰.

610 3337 677 3402 3.
713 3335 806 3400 At
857 3332 972 3425 qui
1014 3333 1305 3424 gloriam
1356 3357 1551 3402 suam
1593 3357 1727 3401 non
1779 3358 1853 3402 se
1894 3334 2091 3402 alteri
2133 3334 2451 3403 daturum
2487 3357 2655 3402 voce

523 3439 920 3532 prophetica
969 3442 1303 3509 testatur¹
1350 3440 1525 3508 hanc
1579 3440 1667 3508 ad
1706 3450 1977 3532 tempus
2021 3441 2390 3510 verborum
2430 3440 2657 3533 repul-

578 3641 623 3673 ει.
655 3628 770 3673 Luc.
804 3626 1148 3673 convocaturi.
1185 3650 1239 3663 —
1284 3627 1328 3673 b.
1365 3628 1470 3672 Alc.
1509 3628 1590 3674 293
1632 3627 2030 3675 canonicatione.
2059 3652 2113 3663 —
2140 3641 2185 3675 c.
2219 3629 2324 3675 Alo.
2347 3628 2429 3675 293
2451 3629 2660 3674 domino

520 3711 673 3757 papa.
698 3722 752 3733 —
777 3700 826 3744 d.
854 3699 969 3745 Luc.
996 3700 1192 3744 deinde.
1216 3723 1271 3732 -
1295 3712 1336 3744 e.
1360 3699 1496 3744 Paris
1526 3700 1728 3746 Jacobo.
1762 3723 1816 3734 —
1839 3700 1876 3756 s.
1910 3700 2024 3746 Pad.
2054 3712 2227 3747 causa.
2247 3725 2302 3734 —
2327 3713 2374 3757 9.
2395 3701 2499 3761 Alc.
2518 3700 2599 3747 286
2617 3712 2664 3745 ει

522 3773 627 3816 Alc.
650 3772 729 3816 ‘293
755 3775 856 3816 aut.
883 3794 935 3804 —
961 3772 1009 3816 h.
1035 3771 1137 3814 Alc.
1163 3772 1243 3817 28ss
1267 3782 1311 3815 et
1335 3772 1440 3816 Alc.
1464 3772 1544 3817 ‘293
1570 3784 1658 3815 om.
1682 3775 1744 3816 et.
1767 3794 1821 3805 —
1847 3771 1882 3816 ι’.
1907 3772 1975 3816 Icl
2001 3785 2052 3817 se
2076 3773 2269 3817 termine
2288 3774 2331 3816 le
2351 3772 2574 3828 fragment
2602 3774 2664 3816 du

525 3843 615 3887 ΜΒ.
650 3844 755 3887 Alc.
780 3844 875 3888 293.
893 3865 945 3875 —
960 3843 1000 3896 j.
1022 3842 1155 3886 Puris
1173 3855 1264 3887 om.
1289 3856 1340 3886 ce
1357 3843 1476 3887 titre.
1496 3865 1549 3876 -
1567 3842 1613 3887 k.
1634 3843 1739 3887 Alc.
1763 3844 1843 3888 286
1863 3847 2008 3897 urqet
2023 3855 2152 3888 nova
2172 3843 2376 3888 nuntios
2393 3844 2664 3888 paduanos

524 3914 797 3971 impr-evisa
819 3913 1105 3958 necessitas.
1124 3913 1241 3958 Luc.
1260 3917 1403 3969 uryet
1429 3914 1638 3958 nuntios
1657 3914 1927 3959 Paduanos
1944 3913 2221 3971 improvisa
2239 3914 2528 3959 necessitas.
2547 3914 2661 3958 Psd.

520 3988 665 4042 ἰιι-902
714 3997 843 4029 nova
877 3984 1073 4030 nuntiis
1106 3982 1299 4030 'Paduae
1334 3985 1716 4042 improvisaque
1761 3987 2051 4031 necessitas.
2092 3986 2226 4031 Paris
2263 3989 2408 4043 urget
2449 3998 2578 4030 nova
2617 3990 2666 4030 et

520 4056 718 4103 nuntiis
739 4056 999 4101 Paduanis
1018 4056 1295 4111 improvisa
1325 4056 1617 4102 necessitas.
1644 4079 1696 4089 —
1722 4056 1754 4102 1.
1783 4056 1917 4101 Paris
1940 4057 2339 4103 succedentium.
2358 4069 2495 4102 —m.
2528 4057 2667 4102 Paris

521 4141 612 4173 om.
634 4127 758 4182 sore.
783 4150 837 4161 —
864 4139 914 4171 n.
943 4127 1057 4172 Luc.
1081 4127 1206 4173 iaec.
1232 4150 1284 4162 -
1308 4140 1353 4172 o.
1380 4128 1486 4174 Alc.
1511 4129 1592 4174 280
1621 4128 1887 4175 asserebat.

594 4284 638 4331 1.
679 4281 830 4332 1sm:
856 4280 1028 4343 xm,
1060 4284 1105 4329 s.
