3109 4950
690 484 749 530 S.
803 484 1092 530 Aarouu
1142 484 1465 530 Lem-:Nm
1519 490 1549 527 «
1605 483 2026 531 ermom-us
2070 490 2104 525 »ι
2333 464 2465 533 213

332 621 761 691 litteraliter¹
820 623 1045 714 ipsum
1097 622 1282 715 loqui
1336 623 1722 701 audierant,
1779 622 1895 690 vix
1955 645 2161 714 quum
2228 646 2466 691 neces·

333 729 505 797 sitas
545 730 894 820 coegisset
923 736 971 811 ²,
1025 741 1093 798 et
1143 729 1323 820 quod
1364 755 1443 798 ea
1486 755 1638 822 quae
1678 729 1764 797 ad
1818 730 2108 798 officium
2152 739 2469 821 spectant

330 837 870 906 ecclesiasticum
919 837 1296 928 peroptime
1344 837 1812 929 cognovisset.

1366 1176 1438 1271 '3

424 1474 485 1537 1.
542 1468 850 1537 Tandem
901 1468 1433 1536 clementissimo
1485 1468 1931 1559 dispensante
1978 1468 2295 1554 Domine,
2346 1468 2462 1560 qui

329 1600 409 1644 os
448 1587 789 1644 mutorum
844 1576 1064 1666 aperit
1094 1586 1161 1643 et
1199 1575 1476 1666 linguas
1529 1575 1892 1643 infantium
1939 1574 2239 1643 disertas
2270 1575 2458 1655 facit,

329 1684 415 1751 ad
458 1686 611 1766 [145
650 1708 691 1751 a
731 1687 794 1765 2]
868 1683 1092 1750 instar
1139 1682 1487 1774 prophetae
1548 1682 1748 1751 Isaiae
1812 1682 1916 1749 cui
1975 1681 2232 1750 dictum
2300 1692 2457 1750 est:

333 1793 613 1873 Clama,
653 1814 738 1858 ne
775 1814 1050 1875 cesses,·
1103 1791 1324 1879 quasi
1378 1790 1551 1858 taba
1584 1791 1833 1857 exalta
1879 1812 2107 1857 vocem
2166 1803 2365 1857 laam
2400 1804 2465 1857 et

328 1898 692 1965 annuatia
726 1899 1001 1988 populo
1046 1921 1196 1965 meo
1238 1898 1511 1965 scelera
1552 1919 1795 1965 eoram
1825 1898 1876 1983 ⁴,
1923 1895 2033 1964 hic
2082 1895 2207 1964 Dei
2254 1897 2463 1964 samu-

328 2004 435 2072 lus
489 2003 833 2072 Antonius
884 2003 1251 2072 salubriter
1301 2028 1342 2071 a
1397 2003 1688 2071 Domino
1740 2002 2122 2095 delegatur.
2178 2006 2240 2071 2.
2300 2005 2461 2070 Pos-

330 2110 632 2197 modum,
675 2110 852 2179 sicut
892 2110 1082 2177 illum
1121 2109 1594 2202 evangelicum
1634 2134 1908 2177 servum
1947 2109 2458 2191 transmissum,

330 2216 497 2285 hora
551 2241 789 2303 coenae,
844 2217 1069 2285 dicere
1128 2217 1438 2284 invitatis
1503 2226 1581 2283 ut
1631 2216 1970 2303 venirent,
2025 2216 2184 2309 quia
2234 2215 2462 2284 omnia

328 2334 573 2416 parata
640 2333 828 2411 sunt,
898 2324 997 2392 sic
1062 2335 1130 2392 et
1194 2324 1372 2392 hunc
1437 2347 1712 2391 servum
1791 2348 1988 2391 suum
2059 2323 2458 2410 Antonium,

328 2431 647 2501 idoneum
694 2456 816 2524 per
857 2430 1110 2518 omnia,
1149 2431 1294 2522 jam
1346 2430 1626 2512 dudum,
1670 2440 1745 2499 ut
1787 2431 2203 2523 praedicitur,
2253 2431 2461 2500 culto·

329 2564 468 2608 rem
509 2540 955 2622 eremiticum,
996 2538 1375 2608 consultius
1415 2538 1813 2615 destinavit.

414 2651 480 2716 3.
538 2651 825 2716 Demum
864 2646 951 2715 ad
989 2646 1602 2737 evangelizandum
1643 2648 1749 2715 sui
1794 2645 2090 2714 nominis
2141 2646 2459 2738 gloriam,

326 2754 514 2822 velut
553 2753 841 2822 alterum
874 2754 1158 2821 Paulum
1197 2753 1312 2845 qui
1351 2763 1659 2845 portaret
1725 2776 1970 2822 nomen
2031 2753 2179 2843 ejus
2233 2777 2461 2821 coram

326 2861 634 2951 praelatis
673 2871 742 2929 et
794 2870 1130 2928 terrarum
1183 2860 1605 2952 principibus
1653 2872 1721 2929 et
1758 2859 2103 2928 universis
2162 2860 2457 2952 populiS,

327 2968 507 3037 hunc
570 2991 952 3060 praeconem
1008 2968 1364 3036 mirificum
1404 2968 1779 3036 Antonium
1828 2967 2215 3058 elegantius
2257 2967 2459 3057 depu-

328 3075 526 3143 tavit.
562 3078 629 3143 4.
666 3076 727 3144 O
771 3084 1028 3166 quanta
1069 3085 1176 3142 est
1213 3074 1394 3142 circa
1426 3098 1550 3143 nos
1581 3074 1991 3142 vermiculos
2024 3073 2460 3166 providentia

332 3183 454 3250 Dei
485 3181 708 3249 nostri
735 3187 747 3249 !
786 3181 892 3250 Ad
924 3182 1098 3249 hanc
1136 3181 1388 3273 quippe
1419 3205 1706 3261 coenam,
1740 3191 1816 3249 ut
1855 3181 2171 3272 superius
2204 3191 2458 3249 tactum

330 3298 458 3370 est,
495 3288 714 3381 primo
756 3312 879 3357 nos
905 3288 1178 3357 vocavit
1217 3312 1338 3380 per
1368 3287 1798 3378 patriarchas
1840 3298 1908 3356 et
1938 3287 2305 3379 prophetas
2345 3311 2457 3356 an-

392 3535 438 3582 1.
472 3531 621 3583 Raro
653 3531 1007 3583 litteraliter:
1055 3534 1198 3582 cette
1242 3531 1564 3596 expression
1603 3543 1662 3581 se
1702 3532 1894 3581 trouve
1942 3531 2092 3580 aussi
2135 3529 2274 3580 dans
2321 3529 2462 3580 Jcan

334 3610 593 3675 Rigauld,
625 3625 747 3676 cap.
779 3613 844 3670 V,
879 3612 965 3663 ed.
997 3612 1069 3662 du
1103 3611 1163 3662 P.
1189 3610 1521 3672 Ferdlnand,
1553 3624 1607 3676 p.
1636 3616 1714 3670 38,
1744 3609 1883 3660 dans
1908 3610 1962 3660 la
1999 3609 2120 3660 Vita
2149 3613 2293 3660 auct.
2325 3623 2463 3659 ano-

330 3705 490 3754 nymo
517 3691 724 3754 (Julien
750 3692 818 3742 de
845 3692 1047 3757 Spire),
1080 3705 1202 3756 cap.
1236 3692 1307 3751 11,
1340 3694 1395 3741 et
1423 3690 1564 3741 dans
1596 3691 1647 3741 le
1687 3689 1961 3756 Dialogus
1987 3690 2053 3740 de
2087 3690 2214 3741 vilis
2252 3692 2466 3740 sancto-

327 3786 447 3822 ram
470 3771 735 3822 Fratrum
763 3771 1059 3832 Μίηονιυη,
1086 3772 1173 3823 ed.
1202 3772 1511 3830 Lemrueus,
1544 3785 1598 3834 p.
1622 3776 1670 3819 6.

386 3856 433 3902 2.
471 3851 634 3903 Cette
678 3851 917 3916 phrase:
955 3851 1137 3916 Neque
1191 3852 1335 3902 enim
1377 3853 1776 3917 putaverant...
1811 3849 2098 3916 coegisset,
2138 3865 2198 3901 se
2252 3853 2462 3908 trouve,

326 3946 567 3997 presque
595 3932 1026 3991 textuellement‚
1059 3932 1199 3983 dans
1225 3933 1275 3983 le
1307 3932 1599 3997 l)ial0g113‚
1630 3930 1716 3980 ed.
1751 3930 2060 3991 Lemmens,
2091 3945 2144 3995 p.
2172 3937 2220 3981 6.

388 4019 434 4063 3.
473 4013 553 4064 Ce
586 4013 859 4076 fragment
890 4013 913 4062 1
959 4015 1045 4063 est
1084 4014 1307 4077 indique
1352 4025 1565 4063 comme
1591 4010 1796 4061 devant
1826 4013 1941 4061 etre
1977 4011 2286 4076 rapproche
2316 4011 2385 4062 de
2409 4011 2461 4061 la

328 4092 400 4142 fin
427 4092 501 4143 du
523 4093 775 4158 chapitre
803 4092 872 4143 de
893 4093 948 4143 la
969 4094 1201 4158 legenda
1228 4092 1412 4158 prima
1430 4107 1448 4141 .·
1478 4091 1729 4158 Qaaliler
1752 4091 1986 4142 scientia
2013 4091 2165 4141 illias
2188 4091 2462 4154 fratribus

331 4173 588 4224 innolail.
618 4173 705 4236 (V.
738 4186 945 4237 supra:
998 4173 1126 4238 Leg.
1154 4173 1359 4238 prima,
1409 4174 1476 4233 8),
1507 4185 1579 4222 ou
1624 4171 1696 4221 du
1746 4170 1915 4221 debut
1948 4170 2022 4221 du
2065 4172 2350 4235 chapitre=
2382 4170 2461 4221 De

326 4252 720 4318 praedicatione
744 4253 864 4318 ejas
898 4268 999 4318 per
1029 4254 1422 4310 Romaniolam,
1457 4254 1562 4304 etc.
1587 4253 1675 4316 (V.
1706 4263 1907 4315 supra:
1941 4250 2071 4317 Leg.
2090 4251 2297 4317 prima.
2327 4253 2396 4310 9).

390 4337 438 4384 4.
473 4334 652 4396 IsAuz,
682 4333 881 4396 LVIII,
910 4337 955 4384 1.
