3109 4950
799 447 861 495 S.
915 447 1201 493 ANTONH
1252 447 1573 494 Laesum
1611 454 1656 527 .“
1702 448 2124 494 semema-As
2167 453 2202 490 »
2431 429 2557 496 221

434 585 767 673 tactum¹‚
810 586 893 653 de
959 586 1091 654 alio
1159 611 1336 655 nunc
1392 588 1684 655 reseram
1736 587 2194 655 haeresiarcha
2247 587 2563 678 perfidis-

434 693 634 774 simO,
677 695 817 785 qui,
860 694 1321 762 mediantibus
1361 694 1786 763 sanctissimi
1825 694 1956 762 viri
2005 693 2293 782 meritiS,
2328 720 2368 763 a
2408 719 2565 787 per-

432 800 593 869 fidia
632 811 867 869 erutus
907 801 1035 869 fuit
1070 801 1388 892 prodigio
1429 801 1793 893 stupendO.

520 911 588 976 6.
620 910 696 976 In
729 908 1043 999 partibus
1075 908 1468 989 Tolosanis,
1504 932 1711 1000 quum
1741 908 1921 976 idem
1969 909 2076 976 vir
2118 908 2564 977 beatissimus

432 1013 770 1082 adversus
821 1014 1181 1107 quemdam
1231 1015 1625 1083 haereticum
1665 1014 2199 1106 perfidissimum
2252 1015 2334 1082 de
2389 1015 2567 1082 salu·

432 1121 632 1189 tisero
704 1122 1136 1190 eucharistiae
1217 1133 1652 1217 sacramento
1729 1122 2057 1190 acerrime
2137 1121 2569 1213 disputasset

433 1229 792 1320 ipsumque
839 1228 1226 1296 convictum
1280 1253 1474 1320 paene
1528 1228 1615 1296 ad
1663 1228 1865 1296 fidem
1903 1229 2310 1297 catholicam
2350 1238 2566 1296 attra-

434 1335 679 1413 xisset,
713 1335 964 1425 adjecit
993 1335 1126 1403 iste
1152 1350 1210 1415 α,
1240 1345 1399 1427 post
1437 1336 1652 1403 multa
1691 1346 1760 1403 et
1786 1336 1980 1404 varia
2027 1360 2177 1428 quae
2217 1335 2566 1404 nitebatur

436 1441 913 1533 subterfugere
952 1453 1361 1533 argumenta
1397 1466 1412 1509 :
1458 1445 1521 1511 7.
1571 1442 2041 1529 DimittamuS‚
2075 1442 2319 1534 inquit,
2353 1441 2564 1510 verba

436 1559 505 1617 et
556 1548 913 1617 veniamus
962 1548 1050 1617 ad
1098 1550 1300 1617 facta.
1365 1549 1437 1618 Si
1495 1560 1595 1629 tu,
1653 1549 1934 1630 Antoni,
1995 1573 2115 1641 per
2167 1548 2564 1617 miraculum

435 1655 693 1747 poteris
768 1656 1126 1724 adstruere
1204 1656 1384 1748 quod
1458 1656 1526 1723 in
1618 1656 2225 1724 communicatione
2310 1655 2567 1723 homini

432 1785 670 1829 verum
725 1772 961 1853 pateat
1017 1786 1264 1854 corpus
1321 1762 1611 1842 Christi,
1672 1762 1986 1853 abjurata
2043 1786 2329 1854 prorsus
2385 1762 2567 1829 omni

436 1869 750 1960 perfidia,
784 1869 1087 1937 cervices
1126 1893 1315 1937 meas
1356 1869 1513 1937 fidei
1554 1869 1906 1938 catholica}
1946 1893 2101 1938 mox
2141 1869 2564 1938 submittam.

433 1978 500 2044 8.
545 1975 678 2045 Cui
720 1976 1014 2044 famulus
1056 1976 1328 2044 Domini
1368 2000 1520 2043 cum
1574 1975 1820 2044 fiducia
1878 1999 2134 2068 magna
2172 1976 2565 2067 respondit:

434 2083 726 2151 Confido
778 2083 850 2150 in
905 2083 1252 2151 salvatore
1309 2107 1458 2150 meo
1495 2087 1661 2152 Jesu
1700 2083 1981 2152 Christo
2024 2082 2231 2175 quod,
2272 2106 2397 2174 pro
2451 2093 2572 2150 tua

437 2200 504 2257 et
564 2190 851 2257 aliorum
911 2189 1383 2276 conversione,
1436 2189 1505 2257 id
1572 2189 1753 2281 quod
1812 2190 2126 2282 postulas
2182 2189 2570 2258 misericor·

436 2296 615 2364 diter
676 2296 1082 2387 impetrabO.
1125 2299 1191 2365 9.
1241 2297 1552 2366 Surrexit
1609 2297 1896 2388 proinde
1957 2297 2182 2365 dictus
2226 2299 2381 2381 [146
2420 2297 2464 2364 b
2507 2301 2564 2379 1]

436 2403 799 2472 haereticus
830 2413 920 2482 et,
954 2427 1159 2472 manu
1199 2404 1540 2472 silentium
1577 2404 1913 2486 indicenS,
1949 2404 2085 2472 ait:
2130 2407 2283 2496 Ego
2315 2403 2568 2471 animal

434 2535 643 2579 unum
692 2511 1033 2579 recludam
1074 2535 1195 2603 per
1246 2512 1545 2580 triduum
1601 2524 1669 2581 et
1714 2512 1916 2579 samis
1954 2511 2181 2579 inedia
2221 2512 2561 2579 cruciabo,

437 2621 605 2686 Post
651 2618 951 2686 triduum
1001 2643 1166 2686 vero
1222 2618 1505 2686 educam
1563 2619 1728 2686 illud
1781 2619 1851 2686 iu
1908 2629 2277 2709 conspectu
2334 2619 2565 2710 populi

435 2736 501 2793 et
562 2725 892 2817 paratas⁶
930 2749 1128 2793 escas
1189 2726 1549 2794 ostendam
1602 2726 1701 2793 illi
1753 2737 1822 2794 et
1874 2737 1947 2793 tu
1991 2725 2211 2793 stabis
2251 2749 2288 2792 e
2328 2736 2567 2793 contra

433 2855 584 2899 cum
623 2842 742 2900 tuo
781 2831 961 2923 quod
1011 2832 1271 2900 asseris
1311 2856 1465 2900 esse
1523 2856 1771 2924 corpus
1820 2832 2108 2902 Christi.
2164 2832 2235 2901 Si
2285 2832 2563 2912 animal,

434 2939 671 3008 relicto
711 2939 983 3031 pabu10‚
1020 2940 1452 3008 festinaverit
1488 2940 1576 3007 ad
1619 2945 1833 3008 Deum
1875 2963 2072 3007 suum
2111 2938 2562 3020 adorandum,

435 3046 919 3118 ecclesiasticae
978 3046 1133 3115 fidei
1192 3071 1351 3114 vere
1411 3046 1708 3115 credam.
1771 3050 1875 3115 10.
1932 3046 2062 3116 Cui
2119 3045 2564 3113 fidelissimus

436 3164 630 3243 pater
686 3153 992 3222 assensit
1049 3153 1195 3221 sine
1255 3177 1485 3236 mora;
1549 3164 1621 3221 ct
1676 3154 1774 3221 ait
1828 3153 2241 3221 haereticus:
2286 3153 2562 3234 Audite,

436 3260 663 3351 populi
703 3284 964 3329 omnes.

526 3372 631 3436 11.
685 3367 868 3455 Quid
906 3367 1139 3435 multis
1185 3370 1460 3435 morer?
1510 3367 1721 3437 Venit
1758 3367 1906 3434 dies
1949 3366 2036 3435 ad
2077 3366 2201 3434 hoc
2250 3366 2554 3457 praefixa.

438 3473 545 3541 Fit
581 3473 880 3565 undique
927 3498 1302 3542 concursus
1341 3474 1573 3565 populi
1619 3474 1690 3541 in
1727 3474 1954 3565 platea
1993 3473 2356 3542 latissima.
2404 3475 2564 3541 Ser-

434 3604 562 3648 vus
628 3580 892 3651 Christi
945 3582 1288 3649 Antonius
1356 3581 1578 3659 adest,
1646 3582 1847 3649 turba
1904 3580 2204 3648 fidelium
2258 3579 2560 3647 vallatus

434 3688 887 3777 permaxima3
931 3687 1166 3757 adstat
1214 3687 1576 3756 haereticus
1626 3712 1776 3755 cum
1820 3710 2093 3755 suorum
2135 3687 2561 3778 complicium

435 3804 708 3861 caterva
766 3794 1210 3885 nequissima.
1286 3798 1391 3862 12.
1463 3795 1589 3861 Dei
1647 3794 2010 3873 fmnulusc,
2073 3794 2416 3885 paratusd
2476 3793 2563 3860 ad

435 3900 909 3969 celebrandum
949 3901 1016 3967 in
1047 3901 1305 3992 capella
1350 3925 1549 3968 secus
1591 3901 1841 3992 posita,
1877 3924 2026 3968 cum
2067 3924 2318 3991 magna
2362 3900 2561 3967 devo·

484 4136 528 4167 a.
555 4123 698 4168 Tene
724 4124 832 4169 ista.
860 4147 915 4157 —·
944 4125 987 4168 b.
1015 4125 1157 4168 Texte
1179 4127 1407 4180 paratus.
1429 4148 1482 4158 —
1515 4137 1557 4169 c.
1586 4124 1728 4169 Texte
1754 4123 1980 4180 famulis.
2007 4146 2059 4157 —
2082 4125 2132 4169 d.
2164 4124 2306 4168 Texte
2332 4126 2564 4180 paratur.

496 4304 541 4351 1.
572 4303 640 4351 V.
672 4315 880 4367 supra:
913 4301 1043 4368 Leg.
1065 4301 1274 4368 prima,
1300 4307 1349 4365 9,
1381 4311 1437 4352 n·
1466 4307 1513 4353 6.
