<?xml version="1.0" encoding="UTF-8"?>
<!DOCTYPE html PUBLIC "-//W3C//DTD XHTML 1.0 Transitional//EN"
    "http://www.w3.org/TR/xhtml1/DTD/xhtml1-transitional.dtd">
<html xmlns="http://www.w3.org/1999/xhtml" xml:lang="en" lang="en">
 <head>
  <title>
</title>
<meta http-equiv="Content-Type" content="text/html;charset=utf-8" />
  <meta name='ocr-system' content='tesseract 3.04.00' />
  <meta name='ocr-capabilities' content='ocr_page ocr_carea ocr_par ocr_line ocrx_word'/>
</head>
<body>
  <div class='ocr_page' id='page_1' title='image "./sanctiantoniide01kervgoog_0035.png"; bbox 0 0 3109 4950; ppageno 0'>
   <div class='ocr_carea' id='block_1_1' title="bbox 1261 445 2548 512">
    <p class='ocr_par' dir='ltr' id='par_1_1' title="bbox 1261 445 2548 512">
     <span class='ocr_line' id='line_1_1' title="bbox 1261 445 2548 512; baseline 0.003 -4"><span class='ocrx_word' id='word_1_1' title='bbox 1261 463 1788 511; x_wconf 67' lang='lat' dir='ltr'><em>mmmmm-101(</em></span> <span class='ocrx_word' id='word_1_2' title='bbox 2507 445 2548 512; x_wconf 90' lang='lat'><strong>7</strong></span> 
     </span>
    </p>
   </div>
   <div class='ocr_carea' id='block_1_2' title="bbox 458 601 2595 1337">
    <p class='ocr_par' dir='ltr' id='par_1_2' title="bbox 458 601 2595 1337">
     <span class='ocr_line' id='line_1_2' title="bbox 462 601 2594 695; baseline -0 -23"><span class='ocrx_word' id='word_1_3' title='bbox 462 628 537 672; x_wconf 86' lang='lat' dir='ltr'><em>se</em></span> <span class='ocrx_word' id='word_1_4' title='bbox 574 613 972 673; x_wconf 76' lang='lat' dir='ltr'><em>retrouvent</em></span> <span class='ocrx_word' id='word_1_5' title='bbox 999 601 1385 695; x_wconf 82' lang='lat' dir='ltr'><em>identiques</em></span> <span class='ocrx_word' id='word_1_6' title='bbox 1417 603 1593 671; x_wconf 80' lang='lat' dir='ltr'><em>dans</em></span> <span class='ocrx_word' id='word_1_7' title='bbox 1631 603 2027 695; x_wconf 78' lang='lat' dir='ltr'><em>[alegenda</em></span> <span class='ocrx_word' id='word_1_8' title='bbox 2058 605 2341 695; x_wconf 83' lang='lat' dir='ltr'><em>prima¹</em></span> <span class='ocrx_word' id='word_1_9' title='bbox 2373 628 2389 686; x_wconf 81' lang='lat'><em>3</em></span> <span class='ocrx_word' id='word_1_10' title='bbox 2435 603 2594 673; x_wconf 88' lang='lat' dir='ltr'><em>bien</em></span> 
     </span>
     <span class='ocr_line' id='line_1_3' title="bbox 460 709 2592 802; baseline 0.001 -25"><span class='ocrx_word' id='word_1_11' title='bbox 460 712 636 802; x_wconf 80' lang='lat' dir='ltr'><em>pluS,</em></span> <span class='ocrx_word' id='word_1_12' title='bbox 700 734 831 802; x_wconf 91' lang='lat' dir='ltr'><em>que</em></span> <span class='ocrx_word' id='word_1_13' title='bbox 886 711 1236 801; x_wconf 77' lang='lat' dir='ltr'>beaucoup</span> <span class='ocrx_word' id='word_1_14' title='bbox 1282 710 1794 802; x_wconf 79' lang='lat' dir='ltr'><em>d&#39;expressions</em></span> <span class='ocrx_word' id='word_1_15' title='bbox 1852 721 1920 778; x_wconf 83' lang='grc'><em>61</em></span> <span class='ocrx_word' id='word_1_16' title='bbox 1979 709 2064 778; x_wconf 85' lang='lat' dir='ltr'><em>de</em></span> <span class='ocrx_word' id='word_1_17' title='bbox 2103 722 2468 779; x_wconf 74' lang='lat' dir='ltr'><em>tournures</em></span> <span class='ocrx_word' id='word_1_18' title='bbox 2508 710 2592 779; x_wconf 85' lang='lat' dir='ltr'><em>de</em></span> 
     </span>
     <span class='ocr_line' id='line_1_4' title="bbox 458 816 2594 909; baseline 0 -24"><span class='ocrx_word' id='word_1_19' title='bbox 458 818 776 908; x_wconf 55' lang='lat' dir='ltr'><em>phasee,</em></span> <span class='ocrx_word' id='word_1_20' title='bbox 840 816 1227 909; x_wconf 75' lang='lat' dir='ltr'><em>employees</em></span> <span class='ocrx_word' id='word_1_21' title='bbox 1276 841 1401 908; x_wconf 77' lang='lat' dir='ltr'><em>pat·</em></span> <span class='ocrx_word' id='word_1_22' title='bbox 1460 818 1746 889; x_wconf 78' lang='lat' dir='ltr'><em>CelanO.</em></span> <span class='ocrx_word' id='word_1_23' title='bbox 1815 828 1974 885; x_wconf 81' lang='lat' dir='ltr'><em>sont</em></span> <span class='ocrx_word' id='word_1_24' title='bbox 2030 816 2483 909; x_wconf 70' lang='lat' dir='ltr'><em>reproduiteS,</em></span> <span class='ocrx_word' id='word_1_25' title='bbox 2553 822 2594 886; x_wconf 70' lang='grc' dir='ltr'>ὲ</span> 
     </span>
     <span class='ocr_line' id='line_1_5' title="bbox 460 922 2402 1016; baseline -0.001 -23"><span class='ocrx_word' id='word_1_26' title='bbox 460 949 591 1016; x_wconf 88' lang='lat' dir='ltr'><em>peu</em></span> <span class='ocrx_word' id='word_1_27' title='bbox 626 929 787 1015; x_wconf 77' lang='lat' dir='ltr'><em>pres</em></span> <span class='ocrx_word' id='word_1_28' title='bbox 824 935 967 991; x_wconf 78' lang='lat' dir='ltr'><em>mot</em></span> <span class='ocrx_word' id='word_1_29' title='bbox 1007 928 1047 991; x_wconf 70' lang='grc' dir='ltr'><em>ξι</em></span> <span class='ocrx_word' id='word_1_30' title='bbox 1084 934 1248 1003; x_wconf 74' lang='lat' dir='ltr'><em>mot,</em></span> <span class='ocrx_word' id='word_1_31' title='bbox 1291 922 1465 992; x_wconf 78' lang='lat' dir='ltr'><em>dans</em></span> <span class='ocrx_word' id='word_1_32' title='bbox 1505 923 1571 992; x_wconf 74' lang='lat' dir='ltr'><em>la</em></span> <span class='ocrx_word' id='word_1_33' title='bbox 1599 922 1889 1015; x_wconf 71' lang='lat' dir='ltr'><em>legende</em></span> <span class='ocrx_word' id='word_1_34' title='bbox 1919 923 2328 992; x_wconf 77' lang='lat' dir='ltr'><em>antonienne</em></span> <span class='ocrx_word' id='word_1_35' title='bbox 2352 926 2402 992; x_wconf 78' lang='lat'><em>².</em></span> 
     </span>
     <span class='ocr_line' id='line_1_6' title="bbox 552 1030 2595 1122; baseline 0 -23"><span class='ocrx_word' id='word_1_36' title='bbox 552 1030 928 1115; x_wconf 77' lang='lat' dir='ltr'><em>ToutesoiS,</em></span> <span class='ocrx_word' id='word_1_37' title='bbox 964 1034 1003 1098; x_wconf 76' lang='grc' dir='ltr'><em>ἐι</em></span> <span class='ocrx_word' id='word_1_38' title='bbox 1035 1055 1191 1099; x_wconf 90' lang='lat' dir='ltr'><em>mon</em></span> <span class='ocrx_word' id='word_1_39' title='bbox 1230 1031 1406 1106; x_wconf 82' lang='lat' dir='ltr'><em>avis,</em></span> <span class='ocrx_word' id='word_1_40' title='bbox 1458 1031 1748 1121; x_wconf 82' lang='lat' dir='ltr'>quelque</span> <span class='ocrx_word' id='word_1_41' title='bbox 1787 1030 2154 1121; x_wconf 76' lang='lat' dir='ltr'><em>ingenieux</em></span> <span class='ocrx_word' id='word_1_42' title='bbox 2205 1054 2336 1122; x_wconf 88' lang='lat' dir='ltr'><em>que</em></span> <span class='ocrx_word' id='word_1_43' title='bbox 2370 1030 2595 1100; x_wconf 77' lang='lat' dir='ltr'><em>soient</em></span> 
     </span>
     <span class='ocr_line' id='line_1_7' title="bbox 464 1136 2592 1229; baseline 0 -24"><span class='ocrx_word' id='word_1_44' title='bbox 464 1161 577 1206; x_wconf 85' lang='lat' dir='ltr'><em>ces</em></span> <span class='ocrx_word' id='word_1_45' title='bbox 615 1138 1245 1229; x_wconf 81' lang='lat' dir='ltr'><em>rapproehements,</em></span> <span class='ocrx_word' id='word_1_46' title='bbox 1288 1138 1579 1229; x_wconf 81' lang='lat' dir='ltr'>quelque</span> <span class='ocrx_word' id='word_1_47' title='bbox 1605 1136 2028 1205; x_wconf 75' lang='lat' dir='ltr'><em>indeuiahles</em></span> <span class='ocrx_word' id='word_1_48' title='bbox 2059 1162 2189 1229; x_wconf 91' lang='lat' dir='ltr'><em>que</em></span> <span class='ocrx_word' id='word_1_49' title='bbox 2217 1137 2441 1206; x_wconf 77' lang='lat' dir='ltr'><em>soient</em></span> <span class='ocrx_word' id='word_1_50' title='bbox 2474 1161 2592 1206; x_wconf 87' lang='lat' dir='ltr'><em>ces</em></span> 
     </span>
     <span class='ocr_line' id='line_1_8' title="bbox 467 1244 2593 1337; baseline -0 -24"><span class='ocrx_word' id='word_1_51' title='bbox 467 1245 1007 1314; x_wconf 81' lang='lat' dir='ltr'><em>ressemhlances</em></span> <span class='ocrx_word' id='word_1_52' title='bbox 1026 1248 1076 1326; x_wconf 84' lang='lat'><em>³,</em></span> <span class='ocrx_word' id='word_1_53' title='bbox 1106 1244 1153 1313; x_wconf 91' lang='lat' dir='ltr'><em>il</em></span> <span class='ocrx_word' id='word_1_54' title='bbox 1194 1247 1347 1313; x_wconf 86' lang='lat' dir='ltr'><em>n&#39;en</em></span> <span class='ocrx_word' id='word_1_55' title='bbox 1390 1254 1654 1313; x_wconf 78' lang='lat' dir='ltr'><em>ressort</em></span> <span class='ocrx_word' id='word_1_56' title='bbox 1683 1269 1809 1336; x_wconf 80' lang='lat' dir='ltr'><em>pas</em></span> <span class='ocrx_word' id='word_1_57' title='bbox 1842 1244 2420 1313; x_wconf 78' lang='lat' dir='ltr'><em>necessairement</em></span> <span class='ocrx_word' id='word_1_58' title='bbox 2464 1269 2593 1337; x_wconf 88' lang='lat' dir='ltr'><em>que</em></span> 
     </span>
    </p>
   </div>
   <div class='ocr_carea' id='block_1_3' title="bbox 459 1503 2603 4374">
    <p class='ocr_par' dir='ltr' id='par_1_3' title="bbox 465 1503 2595 1798">
     <span class='ocr_line' id='line_1_9' title="bbox 530 1503 2594 1570; baseline -0 -13"><span class='ocrx_word' id='word_1_59' title='bbox 530 1511 573 1557; x_wconf 90' lang='grc'><em>1.</em></span> <span class='ocrx_word' id='word_1_60' title='bbox 606 1504 910 1570; x_wconf 78' lang='lat' dir='ltr'><em>comparer</em></span> <span class='ocrx_word' id='word_1_61' title='bbox 940 1508 1280 1555; x_wconf 79' lang='lat' dir='ltr'><em>notamment</em></span> <span class='ocrx_word' id='word_1_62' title='bbox 1320 1505 1371 1555; x_wconf 89' lang='grc'><em>16</em></span> <span class='ocrx_word' id='word_1_63' title='bbox 1414 1505 1682 1569; x_wconf 82' lang='lat' dir='ltr'><em>prologue</em></span> <span class='ocrx_word' id='word_1_64' title='bbox 1711 1503 1779 1555; x_wconf 85' lang='lat' dir='ltr'><em>de</em></span> <span class='ocrx_word' id='word_1_65' title='bbox 1800 1505 1854 1555; x_wconf 83' lang='lat' dir='ltr'><em>la</em></span> <span class='ocrx_word' id='word_1_66' title='bbox 1879 1503 2113 1569; x_wconf 84' lang='lat' dir='ltr'><em>legenda</em></span> <span class='ocrx_word' id='word_1_67' title='bbox 2137 1504 2322 1570; x_wconf 88' lang='lat' dir='ltr'><em>prima</em></span> <span class='ocrx_word' id='word_1_68' title='bbox 2344 1519 2480 1556; x_wconf 80' lang='lat' dir='ltr'><em>avec</em></span> <span class='ocrx_word' id='word_1_69' title='bbox 2513 1505 2594 1556; x_wconf 86' lang='lat' dir='ltr'><em>les</em></span> 
     </span>
     <span class='ocr_line' id='line_1_10' title="bbox 468 1584 2595 1652; baseline -0.001 -14"><span class='ocrx_word' id='word_1_70' title='bbox 468 1587 764 1652; x_wconf 79' lang='lat' dir='ltr'><em>prologues</em></span> <span class='ocrx_word' id='word_1_71' title='bbox 807 1584 875 1636; x_wconf 85' lang='lat' dir='ltr'><em>de</em></span> <span class='ocrx_word' id='word_1_72' title='bbox 904 1586 959 1635; x_wconf 86' lang='lat' dir='ltr'><em>la</em></span> <span class='ocrx_word' id='word_1_73' title='bbox 996 1586 1120 1636; x_wconf 79' lang='lat' dir='ltr'><em>Vita</em></span> <span class='ocrx_word' id='word_1_74' title='bbox 1160 1584 1361 1651; x_wconf 83' lang='lat' dir='ltr'><em>prima,</em></span> <span class='ocrx_word' id='word_1_75' title='bbox 1392 1584 1460 1635; x_wconf 88' lang='lat' dir='ltr'><em>de</em></span> <span class='ocrx_word' id='word_1_76' title='bbox 1490 1585 1543 1635; x_wconf 77' lang='lat' dir='ltr'><em>la</em></span> <span class='ocrx_word' id='word_1_77' title='bbox 1585 1584 1707 1635; x_wconf 89' lang='lat' dir='ltr'><em>Vita</em></span> <span class='ocrx_word' id='word_1_78' title='bbox 1737 1584 1994 1641; x_wconf 84' lang='lat' dir='ltr'><em>secunda,</em></span> <span class='ocrx_word' id='word_1_79' title='bbox 2025 1584 2093 1635; x_wconf 86' lang='lat' dir='ltr'><em>de</em></span> <span class='ocrx_word' id='word_1_80' title='bbox 2121 1584 2176 1634; x_wconf 80' lang='lat' dir='ltr'><em>la</em></span> <span class='ocrx_word' id='word_1_81' title='bbox 2229 1585 2352 1637; x_wconf 75' lang='lat' dir='ltr'><em>Vita</em></span> <span class='ocrx_word' id='word_1_82' title='bbox 2390 1590 2595 1637; x_wconf 56' lang='lat' dir='ltr'><em>sanctie</em></span> 
     </span>
     <span class='ocr_line' id='line_1_11' title="bbox 469 1664 2591 1730; baseline -0 -14"><span class='ocrx_word' id='word_1_83' title='bbox 469 1668 646 1717; x_wconf 77' lang='lat' dir='ltr'><em>Clarae</em></span> <span class='ocrx_word' id='word_1_84' title='bbox 669 1666 738 1717; x_wconf 88' lang='lat' dir='ltr'><em>de</em></span> <span class='ocrx_word' id='word_1_85' title='bbox 762 1664 973 1717; x_wconf 81' lang='lat' dir='ltr'><em>Celano</em></span> <span class='ocrx_word' id='word_1_86' title='bbox 999 1669 1054 1717; x_wconf 85' lang='lat' dir='ltr'><em>et</em></span> <span class='ocrx_word' id='word_1_87' title='bbox 1082 1680 1216 1716; x_wconf 81' lang='lat' dir='ltr'><em>avec</em></span> <span class='ocrx_word' id='word_1_88' title='bbox 1248 1665 1298 1715; x_wconf 85' lang='lat' dir='ltr'><em>le</em></span> <span class='ocrx_word' id='word_1_89' title='bbox 1327 1667 1489 1730; x_wconf 82' lang='lat' dir='ltr'><em>chap.</em></span> <span class='ocrx_word' id='word_1_90' title='bbox 1521 1665 1650 1716; x_wconf 81' lang='lat' dir='ltr'><em>XIX</em></span> <span class='ocrx_word' id='word_1_91' title='bbox 1685 1665 1754 1716; x_wconf 86' lang='lat' dir='ltr'><em>de</em></span> <span class='ocrx_word' id='word_1_92' title='bbox 1782 1679 1884 1716; x_wconf 81' lang='lat' dir='ltr'><em>son</em></span> <span class='ocrx_word' id='word_1_93' title='bbox 1914 1664 2080 1716; x_wconf 90' lang='lat' dir='ltr'><em>Liber</em></span> <span class='ocrx_word' id='word_1_94' title='bbox 2107 1664 2504 1717; x_wconf 80' lang='lat' dir='ltr'><em>miraculorum</em></span> <span class='ocrx_word' id='word_1_95' title='bbox 2535 1666 2591 1718; x_wconf 85' lang='lat' dir='ltr'><em>S.</em></span> 
     </span>
     <span class='ocr_line' id='line_1_12' title="bbox 465 1746 776 1798; baseline -0.006 0"><span class='ocrx_word' id='word_1_96' title='bbox 465 1746 776 1798; x_wconf 85' lang='lat' dir='ltr'><em>Francisci.</em></span> 
     </span>
    </p>

    <p class='ocr_par' dir='ltr' id='par_1_4' title="bbox 459 1826 2603 4134">
     <span class='ocr_line' id='line_1_13' title="bbox 528 1826 2596 1892; baseline 0 -15"><span class='ocrx_word' id='word_1_97' title='bbox 528 1832 575 1877; x_wconf 92' lang='grc'><em>2.</em></span> <span class='ocrx_word' id='word_1_98' title='bbox 613 1828 723 1877; x_wconf 82' lang='lat' dir='ltr'><em>Par</em></span> <span class='ocrx_word' id='word_1_99' title='bbox 761 1827 1029 1891; x_wconf 86' lang='lat' dir='ltr'><em>exemple‚</em></span> <span class='ocrx_word' id='word_1_100' title='bbox 1063 1827 1297 1892; x_wconf 87' lang='lat' dir='ltr'><em>legenda</em></span> <span class='ocrx_word' id='word_1_101' title='bbox 1340 1826 1545 1892; x_wconf 91' lang='lat' dir='ltr'><em>prima,</em></span> <span class='ocrx_word' id='word_1_102' title='bbox 1582 1829 1627 1887; x_wconf 98' lang='grc'><em>1,</em></span> <span class='ocrx_word' id='word_1_103' title='bbox 1675 1835 1731 1875; x_wconf 80' lang='lat' dir='ltr'><em>n⁰</em></span> <span class='ocrx_word' id='word_1_104' title='bbox 1772 1829 1832 1875; x_wconf 90' lang='lat'><em>1:</em></span> <span class='ocrx_word' id='word_1_105' title='bbox 1876 1826 1952 1877; x_wconf 90' lang='lat' dir='ltr'><em>ad</em></span> <span class='ocrx_word' id='word_1_106' title='bbox 1999 1826 2217 1876; x_wconf 86' lang='lat' dir='ltr'><em>laudem</em></span> <span class='ocrx_word' id='word_1_107' title='bbox 2260 1830 2313 1877; x_wconf 87' lang='lat' dir='ltr'><em>et</em></span> <span class='ocrx_word' id='word_1_108' title='bbox 2354 1826 2596 1892; x_wconf 78' lang='lat' dir='ltr'><em>gloriam</em></span> 
     </span>
     <span class='ocr_line' id='line_1_14' title="bbox 468 1906 2595 1974; baseline 0 -17"><span class='ocrx_word' id='word_1_109' title='bbox 468 1907 855 1974; x_wconf 82' lang='lat' dir='ltr'><em>omnipotentis</em></span> <span class='ocrx_word' id='word_1_110' title='bbox 882 1906 987 1957; x_wconf 82' lang='lat' dir='ltr'><em>Dei</em></span> <span class='ocrx_word' id='word_1_111' title='bbox 1010 1907 1183 1957; x_wconf 78' lang='lat' dir='ltr'><em>vitam</em></span> <span class='ocrx_word' id='word_1_112' title='bbox 1213 1910 1264 1956; x_wconf 83' lang='lat' dir='ltr'><em>et</em></span> <span class='ocrx_word' id='word_1_113' title='bbox 1291 1911 1449 1957; x_wconf 87' lang='lat' dir='ltr'><em>actus</em></span> <span class='ocrx_word' id='word_1_114' title='bbox 1482 1906 1790 1957; x_wconf 76' lang='lat' dir='ltr'><em>beatissimi</em></span> <span class='ocrx_word' id='word_1_115' title='bbox 1813 1906 1996 1972; x_wconf 88' lang='lat' dir='ltr'><em>patris</em></span> <span class='ocrx_word' id='word_1_116' title='bbox 2021 1920 2087 1957; x_wconf 91' lang='lat' dir='ltr'><em>ac</em></span> <span class='ocrx_word' id='word_1_117' title='bbox 2108 1906 2311 1972; x_wconf 79' lang='lat' dir='ltr'><em>fratris</em></span> <span class='ocrx_word' id='word_1_118' title='bbox 2340 1908 2568 1958; x_wconf 80' lang='lat' dir='ltr'><em>Antonii</em></span> <span class='ocrx_word' id='word_1_119' title='bbox 2577 1923 2595 1963; x_wconf 86' lang='grc'><em>,-</em></span> 
     </span>
     <span class='ocr_line' id='line_1_15' title="bbox 466 1986 2595 2052; baseline -0 -12"><span class='ocrx_word' id='word_1_120' title='bbox 466 1991 523 2040; x_wconf 90' lang='grc'><em>61</em></span> <span class='ocrx_word' id='word_1_121' title='bbox 552 1988 780 2047; x_wconf 69' lang='grc'><strong>(3616110,</strong></span> <span class='ocrx_word' id='word_1_122' title='bbox 836 1988 962 2039; x_wconf 80' lang='lat' dir='ltr'><em>Vita</em></span> <span class='ocrx_word' id='word_1_123' title='bbox 1000 1988 1207 2052; x_wconf 86' lang='lat' dir='ltr'><em>prima,</em></span> <span class='ocrx_word' id='word_1_124' title='bbox 1240 1990 1383 2051; x_wconf 79' lang='lat' dir='ltr'><em>part.</em></span> <span class='ocrx_word' id='word_1_125' title='bbox 1414 1988 1459 2048; x_wconf 92' lang='lat'><em>1,</em></span> <span class='ocrx_word' id='word_1_126' title='bbox 1487 2001 1609 2051; x_wconf 82' lang='lat' dir='ltr'><em>cap.</em></span> <span class='ocrx_word' id='word_1_127' title='bbox 1637 1988 1682 2049; x_wconf 91' lang='lat'><em>1,</em></span> <span class='ocrx_word' id='word_1_128' title='bbox 1708 1990 1850 2052; x_wconf 78' lang='lat' dir='ltr'><em>part.</em></span> <span class='ocrx_word' id='word_1_129' title='bbox 1895 1988 1968 2048; x_wconf 91' lang='lat'><em>11,</em></span> <span class='ocrx_word' id='word_1_130' title='bbox 2011 2001 2133 2052; x_wconf 79' lang='lat' dir='ltr'><em>cap.</em></span> <span class='ocrx_word' id='word_1_131' title='bbox 2166 1988 2190 2037; x_wconf 92' lang='lat'>1</span> <span class='ocrx_word' id='word_1_132' title='bbox 2209 2000 2221 2035; x_wconf 74' lang='grc' dir='ltr'>ε</span> <span class='ocrx_word' id='word_1_133' title='bbox 2260 1986 2346 2038; x_wconf 81' lang='lat' dir='ltr'><em>Ad</em></span> <span class='ocrx_word' id='word_1_134' title='bbox 2376 1988 2595 2039; x_wconf 88' lang='lat' dir='ltr'><em>laudem</em></span> 
     </span>
     <span class='ocr_line' id='line_1_16' title="bbox 466 2067 2598 2134; baseline -0.001 -15"><span class='ocrx_word' id='word_1_135' title='bbox 466 2073 518 2120; x_wconf 87' lang='lat' dir='ltr'><em>et</em></span> <span class='ocrx_word' id='word_1_136' title='bbox 544 2068 785 2134; x_wconf 83' lang='lat' dir='ltr'><em>gloriam</em></span> <span class='ocrx_word' id='word_1_137' title='bbox 822 2067 928 2119; x_wconf 87' lang='lat' dir='ltr'><em>Dei</em></span> <span class='ocrx_word' id='word_1_138' title='bbox 954 2067 1361 2132; x_wconf 85' lang='lat' dir='ltr'><em>omnipotentis,</em></span> <span class='ocrx_word' id='word_1_139' title='bbox 1390 2067 1565 2118; x_wconf 88' lang='lat' dir='ltr'><em>vitam</em></span> <span class='ocrx_word' id='word_1_140' title='bbox 1595 2070 1647 2117; x_wconf 91' lang='lat' dir='ltr'><em>et</em></span> <span class='ocrx_word' id='word_1_141' title='bbox 1675 2071 1832 2117; x_wconf 87' lang='lat' dir='ltr'><em>actus</em></span> <span class='ocrx_word' id='word_1_142' title='bbox 1873 2067 2182 2119; x_wconf 76' lang='lat' dir='ltr'><em>beatissimi</em></span> <span class='ocrx_word' id='word_1_143' title='bbox 2207 2067 2391 2132; x_wconf 82' lang='lat' dir='ltr'><em>patris</em></span> <span class='ocrx_word' id='word_1_144' title='bbox 2417 2068 2598 2118; x_wconf 86' lang='lat' dir='ltr'><em>nostri</em></span> 
     </span>
     <span class='ocr_line' id='line_1_17' title="bbox 470 2147 2595 2213; baseline -0.001 -13"><span class='ocrx_word' id='word_1_145' title='bbox 470 2148 772 2200; x_wconf 67' lang='lat' dir='ltr'><em>francisci.</em></span> <span class='ocrx_word' id='word_1_146' title='bbox 798 2176 861 2185; x_wconf 90' lang='lat'><em>-</em></span> <span class='ocrx_word' id='word_1_147' title='bbox 887 2147 1140 2213; x_wconf 79' lang='lat' dir='ltr'><em>Legenda</em></span> <span class='ocrx_word' id='word_1_148' title='bbox 1166 2148 1368 2213; x_wconf 90' lang='lat' dir='ltr'><em>prima,</em></span> <span class='ocrx_word' id='word_1_149' title='bbox 1397 2151 1473 2208; x_wconf 91' lang='grc'><em>17,</em></span> <span class='ocrx_word' id='word_1_150' title='bbox 1506 2158 1563 2197; x_wconf 86' lang='lat' dir='ltr'><em>n·</em></span> <span class='ocrx_word' id='word_1_151' title='bbox 1583 2151 1611 2196; x_wconf 85' lang='lat'><strong>2</strong></span> <span class='ocrx_word' id='word_1_152' title='bbox 1645 2163 1656 2198; x_wconf 77' lang='lat' dir='ltr'>z</span> <span class='ocrx_word' id='word_1_153' title='bbox 1684 2148 1895 2199; x_wconf 87' lang='lat' dir='ltr'><em>relictis</em></span> <span class='ocrx_word' id='word_1_154' title='bbox 1917 2149 2246 2213; x_wconf 87' lang='lat' dir='ltr'><em>populorum</em></span> <span class='ocrx_word' id='word_1_155' title='bbox 2278 2148 2455 2198; x_wconf 87' lang='lat' dir='ltr'><em>turbis</em></span> <span class='ocrx_word' id='word_1_156' title='bbox 2481 2162 2595 2213; x_wconf 74' lang='lat' dir='ltr'><em>quae</em></span> 
     </span>
     <span class='ocr_line' id='line_1_18' title="bbox 465 2227 2595 2293; baseline -0.001 -13"><span class='ocrx_word' id='word_1_157' title='bbox 465 2230 543 2281; x_wconf 89' lang='lat' dir='ltr'><em>ad</em></span> <span class='ocrx_word' id='word_1_158' title='bbox 565 2229 899 2280; x_wconf 87' lang='lat' dir='ltr'><em>audiendum</em></span> <span class='ocrx_word' id='word_1_159' title='bbox 916 2232 967 2279; x_wconf 90' lang='lat' dir='ltr'><em>et</em></span> <span class='ocrx_word' id='word_1_160' title='bbox 981 2228 1277 2278; x_wconf 81' lang='lat' dir='ltr'><em>videndum</em></span> <span class='ocrx_word' id='word_1_161' title='bbox 1297 2241 1418 2278; x_wconf 90' lang='lat' dir='ltr'><em>eum</em></span> <span class='ocrx_word' id='word_1_162' title='bbox 1441 2228 1678 2293; x_wconf 88' lang='lat' dir='ltr'><em>undique</em></span> <span class='ocrx_word' id='word_1_163' title='bbox 1699 2227 2104 2291; x_wconf 81' lang='lat' dir='ltr'><em>confluebant,..</em></span> <span class='ocrx_word' id='word_1_164' title='bbox 2122 2228 2230 2279; x_wconf 91' lang='lat' dir='ltr'><em>soli</em></span> <span class='ocrx_word' id='word_1_165' title='bbox 2251 2227 2368 2279; x_wconf 89' lang='lat' dir='ltr'><em>Deo</em></span> <span class='ocrx_word' id='word_1_166' title='bbox 2397 2243 2595 2278; x_wconf 81' lang='lat' dir='ltr'><em>vacare</em></span> 
     </span>
     <span class='ocr_line' id='line_1_19' title="bbox 468 2308 2597 2375; baseline -0.001 -14"><span class='ocrx_word' id='word_1_167' title='bbox 468 2310 644 2375; x_wconf 75' lang='lat' dir='ltr'><em>ca’pit,</em></span> <span class='ocrx_word' id='word_1_168' title='bbox 677 2309 920 2374; x_wconf 86' lang='lat' dir='ltr'><em>cupiens,</em></span> <span class='ocrx_word' id='word_1_169' title='bbox 942 2308 998 2359; x_wconf 89' lang='lat' dir='ltr'><em>si</em></span> <span class='ocrx_word' id='word_1_170' title='bbox 1021 2308 1153 2373; x_wconf 79' lang='lat' dir='ltr'><em>quid</em></span> <span class='ocrx_word' id='word_1_171' title='bbox 1182 2309 1233 2359; x_wconf 87' lang='lat' dir='ltr'><em>ei</em></span> <span class='ocrx_word' id='word_1_172' title='bbox 1248 2308 1499 2373; x_wconf 84' lang='lat' dir='ltr'><em>pulveris</em></span> <span class='ocrx_word' id='word_1_173' title='bbox 1528 2308 1881 2359; x_wconf 75' lang='lat' dir='ltr'><em>saecularium</em></span> <span class='ocrx_word' id='word_1_174' title='bbox 1910 2308 2384 2359; x_wconf 83' lang='lat' dir='ltr'><em>conversatione...</em></span> <span class='ocrx_word' id='word_1_175' title='bbox 2419 2309 2597 2359; x_wconf 74' lang='lat' dir='ltr'><em>adhae-</em></span> 
     </span>
     <span class='ocr_line' id='line_1_20' title="bbox 468 2388 2596 2455; baseline -0.001 -13"><span class='ocrx_word' id='word_1_176' title='bbox 468 2393 653 2451; x_wconf 87' lang='lat' dir='ltr'><em>sisset,</em></span> <span class='ocrx_word' id='word_1_177' title='bbox 685 2394 1007 2455; x_wconf 72' lang='lat' dir='ltr'><em>extergere,·</em></span> <span class='ocrx_word' id='word_1_178' title='bbox 1035 2391 1092 2439; x_wconf 84' lang='lat' dir='ltr'><em>et</em></span> <span class='ocrx_word' id='word_1_179' title='bbox 1124 2388 1353 2450; x_wconf 83' lang='lat' dir='ltr'><em>Celan0,</em></span> <span class='ocrx_word' id='word_1_180' title='bbox 1407 2388 1530 2439; x_wconf 88' lang='lat' dir='ltr'><em>Vita</em></span> <span class='ocrx_word' id='word_1_181' title='bbox 1571 2388 1775 2453; x_wconf 88' lang='lat' dir='ltr'><em>prima,</em></span> <span class='ocrx_word' id='word_1_182' title='bbox 1810 2390 1952 2452; x_wconf 81' lang='lat' dir='ltr'><em>part.</em></span> <span class='ocrx_word' id='word_1_183' title='bbox 1999 2389 2070 2450; x_wconf 92' lang='lat'><em>11,</em></span> <span class='ocrx_word' id='word_1_184' title='bbox 2105 2402 2229 2452; x_wconf 77' lang='lat' dir='ltr'><em>cap.</em></span> <span class='ocrx_word' id='word_1_185' title='bbox 2259 2389 2312 2438; x_wconf 93' lang='lat'><em>11</em></span> <span class='ocrx_word' id='word_1_186' title='bbox 2342 2400 2353 2437; x_wconf 92' lang='lat'>:</span> <span class='ocrx_word' id='word_1_187' title='bbox 2385 2388 2596 2439; x_wconf 85' lang='lat' dir='ltr'><em>relictis</em></span> 
     </span>
     <span class='ocr_line' id='line_1_21' title="bbox 469 2468 2596 2534; baseline -0.001 -11"><span class='ocrx_word' id='word_1_188' title='bbox 469 2471 830 2523; x_wconf 68' lang='lat' dir='ltr'><em>saecularibus</em></span> <span class='ocrx_word' id='word_1_189' title='bbox 871 2470 1048 2521; x_wconf 86' lang='lat' dir='ltr'><em>turbis</em></span> <span class='ocrx_word' id='word_1_190' title='bbox 1092 2484 1208 2534; x_wconf 68' lang='lat' dir='ltr'><em>qux</em></span> <span class='ocrx_word' id='word_1_191' title='bbox 1254 2468 1331 2520; x_wconf 87' lang='lat' dir='ltr'><em>ad</em></span> <span class='ocrx_word' id='word_1_192' title='bbox 1374 2468 1714 2521; x_wconf 85' lang='lat' dir='ltr'><em>audiendum</em></span> <span class='ocrx_word' id='word_1_193' title='bbox 1755 2474 1807 2519; x_wconf 89' lang='lat' dir='ltr'><em>et</em></span> <span class='ocrx_word' id='word_1_194' title='bbox 1851 2468 2150 2520; x_wconf 86' lang='lat' dir='ltr'><em>videndum</em></span> <span class='ocrx_word' id='word_1_195' title='bbox 2192 2484 2314 2520; x_wconf 85' lang='lat' dir='ltr'><em>eum</em></span> <span class='ocrx_word' id='word_1_196' title='bbox 2355 2469 2596 2534; x_wconf 80' lang='lat' dir='ltr'><em>quotidie</em></span> 
     </span>
     <span class='ocr_line' id='line_1_22' title="bbox 467 2549 2599 2615; baseline -0.001 -13"><span class='ocrx_word' id='word_1_197' title='bbox 467 2551 819 2602; x_wconf 76' lang='lat' dir='ltr'><em>devotissime</em></span> <span class='ocrx_word' id='word_1_198' title='bbox 866 2550 1304 2600; x_wconf 79' lang='lat' dir='ltr'><em>concurrebant..</em></span> <span class='ocrx_word' id='word_1_199' title='bbox 1359 2549 1584 2615; x_wconf 87' lang='lat' dir='ltr'><em>cupiens</em></span> <span class='ocrx_word' id='word_1_200' title='bbox 1628 2549 1707 2601; x_wconf 86' lang='lat' dir='ltr'><em>ibi</em></span> <span class='ocrx_word' id='word_1_201' title='bbox 1750 2563 1951 2600; x_wconf 73' lang='lat' dir='ltr'><em>vacare</em></span> <span class='ocrx_word' id='word_1_202' title='bbox 1996 2549 2113 2601; x_wconf 89' lang='lat' dir='ltr'><em>Deo</em></span> <span class='ocrx_word' id='word_1_203' title='bbox 2150 2554 2202 2601; x_wconf 88' lang='lat' dir='ltr'><em>et</em></span> <span class='ocrx_word' id='word_1_204' title='bbox 2238 2553 2521 2615; x_wconf 70' lang='lat' dir='ltr'><em>eaetergere</em></span> <span class='ocrx_word' id='word_1_205' title='bbox 2545 2550 2599 2600; x_wconf 87' lang='lat' dir='ltr'><em>si</em></span> 
     </span>
     <span class='ocr_line' id='line_1_23' title="bbox 466 2630 2598 2698; baseline 0 -17"><span class='ocrx_word' id='word_1_206' title='bbox 466 2632 601 2698; x_wconf 80' lang='lat' dir='ltr'><em>quid</em></span> <span class='ocrx_word' id='word_1_207' title='bbox 626 2631 872 2697; x_wconf 84' lang='lat' dir='ltr'><em>pulveris</em></span> <span class='ocrx_word' id='word_1_208' title='bbox 903 2630 1014 2681; x_wconf 88' lang='lat' dir='ltr'><em>sibi</em></span> <span class='ocrx_word' id='word_1_209' title='bbox 1040 2644 1109 2680; x_wconf 77' lang='lat' dir='ltr'><em>ex</em></span> <span class='ocrx_word' id='word_1_210' title='bbox 1137 2630 1553 2680; x_wconf 83' lang='lat' dir='ltr'><em>conversatione</em></span> <span class='ocrx_word' id='word_1_211' title='bbox 1579 2630 1858 2681; x_wconf 77' lang='lat' dir='ltr'><em>hominum</em></span> <span class='ocrx_word' id='word_1_212' title='bbox 1881 2631 2225 2681; x_wconf 77' lang='lat' dir='ltr'><em>adbaesisset.</em></span> <span class='ocrx_word' id='word_1_213' title='bbox 2251 2657 2314 2666; x_wconf 94' lang='lat'><em>--</em></span> <span class='ocrx_word' id='word_1_214' title='bbox 2337 2630 2598 2695; x_wconf 80' lang='lat' dir='ltr'><em>Legenda</em></span> 
     </span>
     <span class='ocr_line' id='line_1_24' title="bbox 459 2710 2598 2778; baseline 0 -18"><span class='ocrx_word' id='word_1_215' title='bbox 459 2712 668 2778; x_wconf 84' lang='lat' dir='ltr'><em>prima,</em></span> <span class='ocrx_word' id='word_1_216' title='bbox 696 2715 772 2772; x_wconf 86' lang='lat'><em>17,</em></span> <span class='ocrx_word' id='word_1_217' title='bbox 809 2721 864 2761; x_wconf 81' lang='grc'><em>11·</em></span> <span class='ocrx_word' id='word_1_218' title='bbox 895 2713 953 2760; x_wconf 87' lang='grc'><strong>15</strong></span> <span class='ocrx_word' id='word_1_219' title='bbox 981 2726 994 2760; x_wconf 86' lang='lat'>:</span> <span class='ocrx_word' id='word_1_220' title='bbox 1024 2710 1383 2761; x_wconf 86' lang='lat' dir='ltr'><em>sanctissima</em></span> <span class='ocrx_word' id='word_1_221' title='bbox 1415 2711 1515 2761; x_wconf 86' lang='lat' dir='ltr'><em>illa</em></span> <span class='ocrx_word' id='word_1_222' title='bbox 1540 2710 1749 2771; x_wconf 88' lang='lat' dir='ltr'><em>anima,</em></span> <span class='ocrx_word' id='word_1_223' title='bbox 1782 2710 1969 2761; x_wconf 88' lang='lat' dir='ltr'><em>carnis</em></span> <span class='ocrx_word' id='word_1_224' title='bbox 1997 2711 2281 2776; x_wconf 87' lang='lat' dir='ltr'><em>ergastulo</em></span> <span class='ocrx_word' id='word_1_225' title='bbox 2310 2711 2511 2772; x_wconf 87' lang='lat' dir='ltr'><em>soluta,</em></span> <span class='ocrx_word' id='word_1_226' title='bbox 2539 2711 2598 2761; x_wconf 87' lang='lat' dir='ltr'><em>in</em></span> 
     </span>
     <span class='ocr_line' id='line_1_25' title="bbox 465 2789 2595 2857; baseline -0.001 -15"><span class='ocrx_word' id='word_1_227' title='bbox 465 2793 731 2857; x_wconf 78' lang='lat' dir='ltr'><em>abyssum</em></span> <span class='ocrx_word' id='word_1_228' title='bbox 773 2791 1052 2842; x_wconf 82' lang='lat' dir='ltr'><em>claritatis</em></span> <span class='ocrx_word' id='word_1_229' title='bbox 1097 2791 1363 2856; x_wconf 86' lang='lat' dir='ltr'><em>absorpta</em></span> <span class='ocrx_word' id='word_1_230' title='bbox 1410 2794 1521 2848; x_wconf 79' lang='lat' dir='ltr'><em>est:</em></span> <span class='ocrx_word' id='word_1_231' title='bbox 1568 2794 1625 2842; x_wconf 85' lang='grc'><em>61</em></span> <span class='ocrx_word' id='word_1_232' title='bbox 1672 2789 1900 2852; x_wconf 75' lang='grc'><strong>(3616110,</strong></span> <span class='ocrx_word' id='word_1_233' title='bbox 1957 2790 2082 2842; x_wconf 85' lang='lat' dir='ltr'><em>Vita</em></span> <span class='ocrx_word' id='word_1_234' title='bbox 2113 2790 2319 2856; x_wconf 82' lang='lat' dir='ltr'><em>prima,</em></span> <span class='ocrx_word' id='word_1_235' title='bbox 2360 2794 2488 2856; x_wconf 77' lang='lat' dir='ltr'><em>part</em></span> <span class='ocrx_word' id='word_1_236' title='bbox 2523 2791 2595 2850; x_wconf 84' lang='grc' dir='ltr'><strong>ΙΙ,</strong></span> 
     </span>
     <span class='ocr_line' id='line_1_26' title="bbox 465 2869 2598 2937; baseline -0.001 -13"><span class='ocrx_word' id='word_1_237' title='bbox 465 2887 590 2937; x_wconf 74' lang='lat' dir='ltr'><em>cap.</em></span> <span class='ocrx_word' id='word_1_238' title='bbox 622 2874 677 2922; x_wconf 92' lang='lat'><em>1:</em></span> <span class='ocrx_word' id='word_1_239' title='bbox 715 2886 971 2937; x_wconf 86' lang='lat' dir='ltr'><em>egressus</em></span> <span class='ocrx_word' id='word_1_240' title='bbox 1004 2872 1069 2922; x_wconf 90' lang='lat' dir='ltr'><em>de</em></span> <span class='ocrx_word' id='word_1_241' title='bbox 1102 2870 1293 2921; x_wconf 89' lang='lat' dir='ltr'><em>carnis</em></span> <span class='ocrx_word' id='word_1_242' title='bbox 1335 2871 1621 2937; x_wconf 88' lang='lat' dir='ltr'><em>ergastulo</em></span> <span class='ocrx_word' id='word_1_243' title='bbox 1638 2886 1659 2928; x_wconf 87' lang='lat'><em>,·</em></span> <span class='ocrx_word' id='word_1_244' title='bbox 1698 2869 1852 2933; x_wconf 67' lang='lat' dir='ltr'><em>ibid„</em></span> <span class='ocrx_word' id='word_1_245' title='bbox 1882 2885 2005 2935; x_wconf 81' lang='lat' dir='ltr'><em>cap.</em></span> <span class='ocrx_word' id='word_1_246' title='bbox 2037 2871 2204 2921; x_wconf 85' lang='lat' dir='ltr'><strong>VIII:</strong></span> <span class='ocrx_word' id='word_1_247' title='bbox 2234 2871 2598 2922; x_wconf 87' lang='lat' dir='ltr'><em>sanctissima</em></span> 
     </span>
     <span class='ocr_line' id='line_1_27' title="bbox 467 2950 2600 3018; baseline -0.001 -14"><span class='ocrx_word' id='word_1_248' title='bbox 467 2954 569 3004; x_wconf 88' lang='lat' dir='ltr'><em>itta</em></span> <span class='ocrx_word' id='word_1_249' title='bbox 618 2954 806 3002; x_wconf 87' lang='lat' dir='ltr'><em>anima</em></span> <span class='ocrx_word' id='word_1_250' title='bbox 850 2965 1016 3002; x_wconf 84' lang='lat' dir='ltr'><em>carne</em></span> <span class='ocrx_word' id='word_1_251' title='bbox 1058 2953 1243 3002; x_wconf 88' lang='lat' dir='ltr'><em>soluta</em></span> <span class='ocrx_word' id='word_1_252' title='bbox 1271 2956 1371 3009; x_wconf 88' lang='lat' dir='ltr'><em>est,</em></span> <span class='ocrx_word' id='word_1_253' title='bbox 1423 2965 1538 3016; x_wconf 79' lang='lat' dir='ltr'><em>quae</em></span> <span class='ocrx_word' id='word_1_254' title='bbox 1586 2952 1645 3002; x_wconf 89' lang='lat' dir='ltr'><em>in</em></span> <span class='ocrx_word' id='word_1_255' title='bbox 1673 2951 1877 3015; x_wconf 75' lang='lat' dir='ltr'><em>abysso</em></span> <span class='ocrx_word' id='word_1_256' title='bbox 1920 2950 2201 3003; x_wconf 85' lang='lat' dir='ltr'><em>claritatis</em></span> <span class='ocrx_word' id='word_1_257' title='bbox 2227 2952 2511 3018; x_wconf 87' lang='lat' dir='ltr'><em>absorpta.</em></span> <span class='ocrx_word' id='word_1_258' title='bbox 2536 2978 2600 2988; x_wconf 93' lang='lat'><strong>—</strong></span> 
     </span>
     <span class='ocr_line' id='line_1_28' title="bbox 465 3030 2596 3099; baseline -0 -15"><span class='ocrx_word' id='word_1_259' title='bbox 465 3033 728 3099; x_wconf 82' lang='lat' dir='ltr'><em>Legenda</em></span> <span class='ocrx_word' id='word_1_260' title='bbox 753 3031 955 3097; x_wconf 85' lang='lat' dir='ltr'><em>prima,</em></span> <span class='ocrx_word' id='word_1_261' title='bbox 986 3034 1062 3092; x_wconf 84' lang='grc'><em>18,</em></span> <span class='ocrx_word' id='word_1_262' title='bbox 1094 3042 1150 3082; x_wconf 77' lang='lat' dir='ltr'><em>n⁸</em></span> <span class='ocrx_word' id='word_1_263' title='bbox 1180 3036 1243 3082; x_wconf 88' lang='lat'><em>7:</em></span> <span class='ocrx_word' id='word_1_264' title='bbox 1276 3030 1581 3082; x_wconf 88' lang='lat' dir='ltr'><em>communis</em></span> <span class='ocrx_word' id='word_1_265' title='bbox 1625 3030 1866 3082; x_wconf 85' lang='lat' dir='ltr'><em>omnium</em></span> <span class='ocrx_word' id='word_1_266' title='bbox 1910 3030 2066 3081; x_wconf 90' lang='lat' dir='ltr'><em>dolor</em></span> <span class='ocrx_word' id='word_1_267' title='bbox 2099 3034 2151 3082; x_wconf 89' lang='lat' dir='ltr'><em>et</em></span> <span class='ocrx_word' id='word_1_268' title='bbox 2187 3033 2451 3083; x_wconf 85' lang='lat' dir='ltr'><em>moestitia</em></span> <span class='ocrx_word' id='word_1_269' title='bbox 2485 3033 2596 3083; x_wconf 87' lang='lat' dir='ltr'><em>sin-</em></span> 
     </span>
     <span class='ocr_line' id='line_1_29' title="bbox 464 3112 2593 3180; baseline -0.001 -16"><span class='ocrx_word' id='word_1_270' title='bbox 464 3114 688 3180; x_wconf 86' lang='lat' dir='ltr'><em>gularis</em></span> <span class='ocrx_word' id='word_1_271' title='bbox 716 3113 1073 3179; x_wconf 86' lang='lat' dir='ltr'><em>ingeminatis</em></span> <span class='ocrx_word' id='word_1_272' title='bbox 1093 3113 1356 3179; x_wconf 82' lang='lat' dir='ltr'><em>suspiriis</em></span> <span class='ocrx_word' id='word_1_273' title='bbox 1376 3128 1395 3170; x_wconf 89' lang='grc'><strong>,·</strong></span> <span class='ocrx_word' id='word_1_274' title='bbox 1415 3115 1472 3163; x_wconf 88' lang='grc'><em>61</em></span> <span class='ocrx_word' id='word_1_275' title='bbox 1491 3112 1720 3173; x_wconf 70' lang='grc'><strong>(3616110,</strong></span> <span class='ocrx_word' id='word_1_276' title='bbox 1752 3112 1876 3163; x_wconf 84' lang='lat' dir='ltr'><em>Vita</em></span> <span class='ocrx_word' id='word_1_277' title='bbox 1895 3112 2099 3177; x_wconf 90' lang='lat' dir='ltr'><em>prima,</em></span> <span class='ocrx_word' id='word_1_278' title='bbox 2123 3114 2264 3177; x_wconf 77' lang='lat' dir='ltr'><em>part.</em></span> <span class='ocrx_word' id='word_1_279' title='bbox 2288 3113 2340 3162; x_wconf 92' lang='lat'><em>11</em></span> <span class='ocrx_word' id='word_1_280' title='bbox 2363 3127 2484 3178; x_wconf 84' lang='lat' dir='ltr'><em>cap.</em></span> <span class='ocrx_word' id='word_1_281' title='bbox 2510 3114 2558 3163; x_wconf 83' lang='lat' dir='ltr'>X</span> <span class='ocrx_word' id='word_1_282' title='bbox 2581 3127 2593 3161; x_wconf 74' lang='grc' dir='ltr'><strong><em>ι</em></strong></span> 
     </span>
     <span class='ocr_line' id='line_1_30' title="bbox 464 3191 2597 3260; baseline -0 -15"><span class='ocrx_word' id='word_1_283' title='bbox 464 3193 835 3260; x_wconf 84' lang='lat' dir='ltr'><em>Ingeminatis</em></span> <span class='ocrx_word' id='word_1_284' title='bbox 876 3193 1158 3259; x_wconf 86' lang='lat' dir='ltr'><em>suspiriis,</em></span> <span class='ocrx_word' id='word_1_285' title='bbox 1203 3193 1515 3259; x_wconf 86' lang='lat' dir='ltr'><em>singularis</em></span> <span class='ocrx_word' id='word_1_286' title='bbox 1577 3206 1763 3243; x_wconf 86' lang='lat' dir='ltr'><em>eorum</em></span> <span class='ocrx_word' id='word_1_287' title='bbox 1812 3192 1969 3243; x_wconf 90' lang='lat' dir='ltr'><em>dolor</em></span> <span class='ocrx_word' id='word_1_288' title='bbox 2009 3191 2310 3244; x_wconf 86' lang='lat' dir='ltr'><em>communis</em></span> <span class='ocrx_word' id='word_1_289' title='bbox 2358 3193 2597 3244; x_wconf 85' lang='lat' dir='ltr'><em>omnium</em></span> 
     </span>
     <span class='ocr_line' id='line_1_31' title="bbox 466 3273 2598 3340; baseline -0 -14"><span class='ocrx_word' id='word_1_290' title='bbox 466 3279 606 3327; x_wconf 87' lang='lat' dir='ltr'><em>erat.</em></span> <span class='ocrx_word' id='word_1_291' title='bbox 638 3302 700 3311; x_wconf 90' lang='lat'>—</span> <span class='ocrx_word' id='word_1_292' title='bbox 722 3273 983 3339; x_wconf 86' lang='lat' dir='ltr'><em>Legenda</em></span> <span class='ocrx_word' id='word_1_293' title='bbox 1006 3273 1213 3339; x_wconf 87' lang='lat' dir='ltr'><em>prima,</em></span> <span class='ocrx_word' id='word_1_294' title='bbox 1255 3277 1332 3335; x_wconf 83' lang='grc'><em>19,</em></span> <span class='ocrx_word' id='word_1_295' title='bbox 1365 3283 1419 3322; x_wconf 78' lang='lat'><em>11⁸</em></span> <span class='ocrx_word' id='word_1_296' title='bbox 1455 3276 1477 3321; x_wconf 86' lang='lat'>1</span> <span class='ocrx_word' id='word_1_297' title='bbox 1512 3285 1524 3321; x_wconf 71' lang='grc' dir='ltr'>ε</span> <span class='ocrx_word' id='word_1_298' title='bbox 1560 3273 1807 3340; x_wconf 83' lang='lat' dir='ltr'><em>Quantus</em></span> <span class='ocrx_word' id='word_1_299' title='bbox 1855 3274 2035 3323; x_wconf 88' lang='lat' dir='ltr'><em>luctus</em></span> <span class='ocrx_word' id='word_1_300' title='bbox 2082 3273 2343 3334; x_wconf 86' lang='lat' dir='ltr'><em>omniurn,</em></span> <span class='ocrx_word' id='word_1_301' title='bbox 2389 3278 2598 3338; x_wconf 79' lang='lat' dir='ltr'><em>quanta</em></span> 
     </span>
     <span class='ocr_line' id='line_1_32' title="bbox 463 3351 2595 3422; baseline -0.001 -16"><span class='ocrx_word' id='word_1_302' title='bbox 463 3356 735 3422; x_wconf 82' lang='lat' dir='ltr'><em>praecipue</em></span> <span class='ocrx_word' id='word_1_303' title='bbox 779 3356 1025 3405; x_wconf 87' lang='lat' dir='ltr'><em>lamenta</em></span> <span class='ocrx_word' id='word_1_304' title='bbox 1064 3367 1372 3419; x_wconf 89' lang='lat' dir='ltr'><em>pauperum</em></span> <span class='ocrx_word' id='word_1_305' title='bbox 1414 3353 1797 3414; x_wconf 89' lang='lat' dir='ltr'><em>Dominarum,</em></span> <span class='ocrx_word' id='word_1_306' title='bbox 1836 3355 1892 3403; x_wconf 84' lang='lat' dir='ltr'><em>et</em></span> <span class='ocrx_word' id='word_1_307' title='bbox 1938 3351 2169 3414; x_wconf 82' lang='lat' dir='ltr'><em>CelanO,</em></span> <span class='ocrx_word' id='word_1_308' title='bbox 2229 3353 2352 3404; x_wconf 84' lang='lat' dir='ltr'><em>Vita</em></span> <span class='ocrx_word' id='word_1_309' title='bbox 2390 3355 2595 3419; x_wconf 87' lang='lat' dir='ltr'><em>prima,</em></span> 
     </span>
     <span class='ocr_line' id='line_1_33' title="bbox 467 3433 2598 3502; baseline -0.001 -16"><span class='ocrx_word' id='word_1_310' title='bbox 467 3439 612 3502; x_wconf 80' lang='lat' dir='ltr'><em>part.</em></span> <span class='ocrx_word' id='word_1_311' title='bbox 644 3437 714 3492; x_wconf 90' lang='lat'><em>11,</em></span> <span class='ocrx_word' id='word_1_312' title='bbox 742 3449 864 3499; x_wconf 85' lang='lat' dir='ltr'><em>cap.</em></span> <span class='ocrx_word' id='word_1_313' title='bbox 896 3435 975 3484; x_wconf 85' lang='lat' dir='ltr'><em>X:</em></span> <span class='ocrx_word' id='word_1_314' title='bbox 1011 3434 1054 3486; x_wconf 89' lang='grc' dir='ltr'><em>Ο</em></span> <span class='ocrx_word' id='word_1_315' title='bbox 1082 3437 1323 3499; x_wconf 83' lang='lat' dir='ltr'><em>quantus</em></span> <span class='ocrx_word' id='word_1_316' title='bbox 1348 3435 1527 3484; x_wconf 85' lang='lat' dir='ltr'><em>luctus</em></span> <span class='ocrx_word' id='word_1_317' title='bbox 1566 3433 1823 3490; x_wconf 86' lang='lat' dir='ltr'><em>omnium,</em></span> <span class='ocrx_word' id='word_1_318' title='bbox 1858 3437 2066 3497; x_wconf 84' lang='lat' dir='ltr'><em>quanta</em></span> <span class='ocrx_word' id='word_1_319' title='bbox 2084 3433 2355 3499; x_wconf 78' lang='lat' dir='ltr'><em>praecipue</em></span> <span class='ocrx_word' id='word_1_320' title='bbox 2376 3448 2598 3484; x_wconf 86' lang='lat' dir='ltr'><em>moeren-</em></span> 
     </span>
     <span class='ocr_line' id='line_1_34' title="bbox 468 3513 2599 3578; baseline -0.001 -12"><span class='ocrx_word' id='word_1_321' title='bbox 468 3517 605 3566; x_wconf 87' lang='lat' dir='ltr'><em>tium</em></span> <span class='ocrx_word' id='word_1_322' title='bbox 654 3516 895 3566; x_wconf 86' lang='lat' dir='ltr'><em>lamenta</em></span> <span class='ocrx_word' id='word_1_323' title='bbox 940 3514 1184 3577; x_wconf 76' lang='lat' dir='ltr'><em>fitiorum</em></span> <span class='ocrx_word' id='word_1_324' title='bbox 1205 3515 1226 3563; x_wconf 72' lang='grc' dir='ltr'><em>Ι</em></span> <span class='ocrx_word' id='word_1_325' title='bbox 1252 3541 1315 3549; x_wconf 90' lang='grc'><strong>-</strong></span> <span class='ocrx_word' id='word_1_326' title='bbox 1351 3513 1611 3578; x_wconf 85' lang='lat' dir='ltr'><em>Legenda</em></span> <span class='ocrx_word' id='word_1_327' title='bbox 1652 3513 1858 3578; x_wconf 88' lang='lat' dir='ltr'><em>prima,</em></span> <span class='ocrx_word' id='word_1_328' title='bbox 1886 3517 1965 3575; x_wconf 88' lang='grc'><em>26,</em></span> <span class='ocrx_word' id='word_1_329' title='bbox 2014 3523 2091 3563; x_wconf 74' lang='lat' dir='ltr'><em>n⁹⁸</em></span> <span class='ocrx_word' id='word_1_330' title='bbox 2120 3518 2148 3563; x_wconf 85' lang='lat'>3</span> <span class='ocrx_word' id='word_1_331' title='bbox 2178 3516 2233 3563; x_wconf 79' lang='lat' dir='ltr'><em>et</em></span> <span class='ocrx_word' id='word_1_332' title='bbox 2256 3517 2284 3562; x_wconf 83' lang='lat'><strong>4</strong></span> <span class='ocrx_word' id='word_1_333' title='bbox 2318 3526 2329 3561; x_wconf 74' lang='grc' dir='ltr'>ε</span> <span class='ocrx_word' id='word_1_334' title='bbox 2361 3513 2426 3565; x_wconf 81' lang='lat' dir='ltr'><em>Ut</em></span> <span class='ocrx_word' id='word_1_335' title='bbox 2457 3513 2599 3564; x_wconf 88' lang='lat' dir='ltr'><em>intu-</em></span> 
     </span>
     <span class='ocr_line' id='line_1_35' title="bbox 465 3592 2600 3658; baseline -0.001 -12"><span class='ocrx_word' id='word_1_336' title='bbox 465 3595 678 3647; x_wconf 84' lang='lat' dir='ltr'><em>entium</em></span> <span class='ocrx_word' id='word_1_337' title='bbox 708 3594 877 3644; x_wconf 87' lang='lat' dir='ltr'><em>corda</em></span> <span class='ocrx_word' id='word_1_338' title='bbox 924 3594 1175 3657; x_wconf 80' lang='lat' dir='ltr'><em>fidelium</em></span> <span class='ocrx_word' id='word_1_339' title='bbox 1220 3594 1295 3644; x_wconf 87' lang='lat' dir='ltr'><em>ad</em></span> <span class='ocrx_word' id='word_1_340' title='bbox 1342 3593 1807 3658; x_wconf 82' lang='lat' dir='ltr'><em>compunctionem</em></span> <span class='ocrx_word' id='word_1_341' title='bbox 1848 3592 2165 3644; x_wconf 85' lang='lat' dir='ltr'><em>scinderent</em></span> <span class='ocrx_word' id='word_1_342' title='bbox 2208 3596 2260 3643; x_wconf 87' lang='lat' dir='ltr'><em>et</em></span> <span class='ocrx_word' id='word_1_343' title='bbox 2302 3593 2378 3642; x_wconf 89' lang='lat' dir='ltr'><em>ad</em></span> <span class='ocrx_word' id='word_1_344' title='bbox 2419 3593 2600 3644; x_wconf 85' lang='lat' dir='ltr'><em>divini</em></span> 
     </span>
     <span class='ocr_line' id='line_1_36' title="bbox 466 3673 2601 3739; baseline -0.001 -12"><span class='ocrx_word' id='word_1_345' title='bbox 466 3675 677 3727; x_wconf 87' lang='lat' dir='ltr'><em>amoris</em></span> <span class='ocrx_word' id='word_1_346' title='bbox 722 3674 1036 3725; x_wconf 73' lang='lat' dir='ltr'><em>incendium</em></span> <span class='ocrx_word' id='word_1_347' title='bbox 1085 3673 1406 3725; x_wconf 86' lang='lat' dir='ltr'><em>invitarent.</em></span> <span class='ocrx_word' id='word_1_348' title='bbox 1460 3674 1629 3737; x_wconf 75' lang='lat' dir='ltr'><em>Cujus</em></span> <span class='ocrx_word' id='word_1_349' title='bbox 1677 3674 1821 3724; x_wconf 82' lang='lat' dir='ltr'><em>enim</em></span> <span class='ocrx_word' id='word_1_350' title='bbox 1869 3676 1981 3723; x_wconf 88' lang='lat' dir='ltr'><em>tam</em></span> <span class='ocrx_word' id='word_1_351' title='bbox 2007 3674 2249 3739; x_wconf 78' lang='lat' dir='ltr'><em>ferreum</em></span> <span class='ocrx_word' id='word_1_352' title='bbox 2272 3678 2465 3738; x_wconf 85' lang='lat' dir='ltr'><em>pectus</em></span> <span class='ocrx_word' id='word_1_353' title='bbox 2492 3688 2601 3724; x_wconf 92' lang='lat' dir='ltr'><em>non</em></span> 
     </span>
     <span class='ocr_line' id='line_1_37' title="bbox 465 3752 2600 3817; baseline -0.001 -13"><span class='ocrx_word' id='word_1_354' title='bbox 465 3758 779 3804; x_wconf 78' lang='lat' dir='ltr'><em>moveretur</em></span> <span class='ocrx_word' id='word_1_355' title='bbox 805 3754 881 3803; x_wconf 85' lang='lat' dir='ltr'><em>ad</em></span> <span class='ocrx_word' id='word_1_356' title='bbox 902 3753 1186 3817; x_wconf 87' lang='lat' dir='ltr'><em>gemitum,</em></span> <span class='ocrx_word' id='word_1_357' title='bbox 1218 3766 1326 3802; x_wconf 90' lang='lat' dir='ltr'><em>non</em></span> <span class='ocrx_word' id='word_1_358' title='bbox 1357 3756 1674 3803; x_wconf 88' lang='lat' dir='ltr'><em>armaretur</em></span> <span class='ocrx_word' id='word_1_359' title='bbox 1706 3753 1780 3802; x_wconf 89' lang='lat' dir='ltr'><em>ad</em></span> <span class='ocrx_word' id='word_1_360' title='bbox 1808 3754 1954 3802; x_wconf 57' lang='lat' dir='ltr'><em>bonae</em></span> <span class='ocrx_word' id='word_1_361' title='bbox 1979 3752 2283 3803; x_wconf 85' lang='lat' dir='ltr'><em>voluntatis</em></span> <span class='ocrx_word' id='word_1_362' title='bbox 2309 3753 2600 3816; x_wconf 81' lang='lat' dir='ltr'><em>affectum,·</em></span> 
     </span>
     <span class='ocr_line' id='line_1_38' title="bbox 466 3832 2599 3898; baseline -0.001 -13"><span class='ocrx_word' id='word_1_363' title='bbox 466 3838 521 3885; x_wconf 85' lang='grc'><em>61</em></span> <span class='ocrx_word' id='word_1_364' title='bbox 554 3833 786 3893; x_wconf 78' lang='lat' dir='ltr'><em>celano,</em></span> <span class='ocrx_word' id='word_1_365' title='bbox 823 3834 947 3884; x_wconf 78' lang='lat' dir='ltr'><em>Vita</em></span> <span class='ocrx_word' id='word_1_366' title='bbox 973 3833 1175 3898; x_wconf 86' lang='lat' dir='ltr'><em>prima,</em></span> <span class='ocrx_word' id='word_1_367' title='bbox 1210 3835 1353 3898; x_wconf 77' lang='lat' dir='ltr'><em>part.</em></span> <span class='ocrx_word' id='word_1_368' title='bbox 1386 3832 1457 3893; x_wconf 89' lang='grc' dir='ltr'><em>ΙΙ,</em></span> <span class='ocrx_word' id='word_1_369' title='bbox 1489 3846 1614 3896; x_wconf 88' lang='lat' dir='ltr'><em>cap.</em></span> <span class='ocrx_word' id='word_1_370' title='bbox 1644 3832 1720 3882; x_wconf 84' lang='lat' dir='ltr'><em>IX</em></span> <span class='ocrx_word' id='word_1_371' title='bbox 1754 3845 1764 3880; x_wconf 90' lang='lat'>:</span> <span class='ocrx_word' id='word_1_372' title='bbox 1795 3833 1965 3896; x_wconf 75' lang='lat' dir='ltr'><em>Cujus</em></span> <span class='ocrx_word' id='word_1_373' title='bbox 1992 3836 2103 3882; x_wconf 84' lang='lat' dir='ltr'><em>tam</em></span> <span class='ocrx_word' id='word_1_374' title='bbox 2131 3833 2373 3898; x_wconf 78' lang='lat' dir='ltr'><em>ferreum</em></span> <span class='ocrx_word' id='word_1_375' title='bbox 2408 3836 2599 3897; x_wconf 88' lang='lat' dir='ltr'><em>pectus</em></span> 
     </span>
     <span class='ocr_line' id='line_1_39' title="bbox 466 3913 2603 3978; baseline -0.001 -13"><span class='ocrx_word' id='word_1_376' title='bbox 466 3928 575 3965; x_wconf 90' lang='lat' dir='ltr'><em>non</em></span> <span class='ocrx_word' id='word_1_377' title='bbox 604 3918 914 3964; x_wconf 76' lang='lat' dir='ltr'><em>moveretur</em></span> <span class='ocrx_word' id='word_1_378' title='bbox 937 3914 1012 3965; x_wconf 91' lang='lat' dir='ltr'><em>ad</em></span> <span class='ocrx_word' id='word_1_379' title='bbox 1038 3914 1304 3978; x_wconf 85' lang='lat' dir='ltr'><em>gemitum</em></span> <span class='ocrx_word' id='word_1_380' title='bbox 1320 3916 1344 3962; x_wconf 85' lang='lat'><em>?</em></span> <span class='ocrx_word' id='word_1_381' title='bbox 1369 3913 1537 3976; x_wconf 80' lang='lat' dir='ltr'><em>Cujus</em></span> <span class='ocrx_word' id='word_1_382' title='bbox 1562 3917 1674 3962; x_wconf 88' lang='lat' dir='ltr'><em>tam</em></span> <span class='ocrx_word' id='word_1_383' title='bbox 1700 3913 1976 3977; x_wconf 84' lang='lat' dir='ltr'><em>lapideum</em></span> <span class='ocrx_word' id='word_1_384' title='bbox 2007 3926 2102 3962; x_wconf 87' lang='lat' dir='ltr'><em>cor</em></span> <span class='ocrx_word' id='word_1_385' title='bbox 2126 3926 2234 3963; x_wconf 89' lang='lat' dir='ltr'><em>non</em></span> <span class='ocrx_word' id='word_1_386' title='bbox 2253 3913 2603 3963; x_wconf 85' lang='lat' dir='ltr'><em>scinderetur</em></span> 
     </span>
     <span class='ocr_line' id='line_1_40' title="bbox 465 3991 2601 4058; baseline -0.001 -14"><span class='ocrx_word' id='word_1_387' title='bbox 465 3994 543 4044; x_wconf 89' lang='lat' dir='ltr'><em>ad</em></span> <span class='ocrx_word' id='word_1_388' title='bbox 569 3994 1054 4058; x_wconf 87' lang='lat' dir='ltr'><em>compunctionem,</em></span> <span class='ocrx_word' id='word_1_389' title='bbox 1087 4007 1195 4044; x_wconf 89' lang='lat' dir='ltr'><em>non</em></span> <span class='ocrx_word' id='word_1_390' title='bbox 1224 3993 1618 4044; x_wconf 85' lang='lat' dir='ltr'><em>accenderetur</em></span> <span class='ocrx_word' id='word_1_391' title='bbox 1637 3991 1711 4042; x_wconf 88' lang='lat' dir='ltr'><em>ad</em></span> <span class='ocrx_word' id='word_1_392' title='bbox 1727 3991 1974 4042; x_wconf 74' lang='lat' dir='ltr'><em>divinum</em></span> <span class='ocrx_word' id='word_1_393' title='bbox 1999 4006 2258 4052; x_wconf 87' lang='lat' dir='ltr'><em>amorem,</em></span> <span class='ocrx_word' id='word_1_394' title='bbox 2282 4006 2391 4043; x_wconf 90' lang='lat' dir='ltr'><em>non</em></span> <span class='ocrx_word' id='word_1_395' title='bbox 2411 4005 2601 4042; x_wconf 87' lang='lat' dir='ltr'><em>arma·</em></span> 
     </span>
     <span class='ocr_line' id='line_1_41' title="bbox 463 4074 1463 4134; baseline -0.002 -10"><span class='ocrx_word' id='word_1_396' title='bbox 463 4078 623 4125; x_wconf 82' lang='lat' dir='ltr'><em>retur</em></span> <span class='ocrx_word' id='word_1_397' title='bbox 648 4074 724 4123; x_wconf 90' lang='lat' dir='ltr'><em>ad</em></span> <span class='ocrx_word' id='word_1_398' title='bbox 750 4074 947 4123; x_wconf 85' lang='lat' dir='ltr'><em>bonam</em></span> <span class='ocrx_word' id='word_1_399' title='bbox 970 4075 1328 4134; x_wconf 87' lang='lat' dir='ltr'><em>voluntatem,</em></span> <span class='ocrx_word' id='word_1_400' title='bbox 1360 4076 1463 4123; x_wconf 75' lang='lat' dir='ltr'><em>etc.</em></span> 
     </span>
    </p>

    <p class='ocr_par' dir='ltr' id='par_1_5' title="bbox 464 4152 2599 4374">
     <span class='ocr_line' id='line_1_42' title="bbox 528 4152 2599 4217; baseline -0 -15"><span class='ocrx_word' id='word_1_401' title='bbox 528 4158 578 4202; x_wconf 88' lang='grc'><em>3.</em></span> <span class='ocrx_word' id='word_1_402' title='bbox 612 4152 699 4203; x_wconf 78' lang='lat' dir='ltr'><em>Cr.</em></span> <span class='ocrx_word' id='word_1_403' title='bbox 725 4154 786 4202; x_wconf 83' lang='lat' dir='ltr'><em>R.</em></span> <span class='ocrx_word' id='word_1_404' title='bbox 812 4153 874 4202; x_wconf 88' lang='lat' dir='ltr'><em>P.</em></span> <span class='ocrx_word' id='word_1_405' title='bbox 898 4153 1174 4214; x_wconf 57' lang='lat' dir='ltr'><em>Danu-LE,</em></span> <span class='ocrx_word' id='word_1_406' title='bbox 1200 4152 1303 4204; x_wconf 88' lang='lat' dir='ltr'><em>Die</em></span> <span class='ocrx_word' id='word_1_407' title='bbox 1318 4152 1673 4217; x_wconf 80' lang='lat' dir='ltr'><em>Entstehung</em></span> <span class='ocrx_word' id='word_1_408' title='bbox 1689 4152 1789 4201; x_wconf 88' lang='lat' dir='ltr'><em>der</em></span> <span class='ocrx_word' id='word_1_409' title='bbox 1808 4152 2241 4213; x_wconf 69' lang='lat' dir='ltr'><em>Universitaeten,</em></span> <span class='ocrx_word' id='word_1_410' title='bbox 2264 4155 2389 4214; x_wconf 60' lang='lat' dir='ltr'><em>etc„</em></span> <span class='ocrx_word' id='word_1_411' title='bbox 2413 4166 2464 4216; x_wconf 85' lang='lat' dir='ltr'><em>p.</em></span> <span class='ocrx_word' id='word_1_412' title='bbox 2490 4156 2599 4214; x_wconf 86' lang='grc'><strong>282,</strong></span> 
     </span>
     <span class='ocr_line' id='line_1_43' title="bbox 464 4231 2598 4298; baseline 0 -15"><span class='ocrx_word' id='word_1_413' title='bbox 464 4237 598 4283; x_wconf 88' lang='grc'><strong>11016</strong></span> <span class='ocrx_word' id='word_1_414' title='bbox 627 4236 739 4281; x_wconf 77' lang='grc'><em>240.</em></span> <span class='ocrx_word' id='word_1_415' title='bbox 773 4259 835 4269; x_wconf 90' lang='grc'>-</span> <span class='ocrx_word' id='word_1_416' title='bbox 865 4233 947 4282; x_wconf 74' lang='grc' dir='ltr'><em>ΒΕ</em></span> <span class='ocrx_word' id='word_1_417' title='bbox 982 4233 1284 4294; x_wconf 69' lang='lat' dir='ltr'><em>MANDACH,</em></span> <span class='ocrx_word' id='word_1_418' title='bbox 1317 4232 1477 4284; x_wconf 87' lang='lat' dir='ltr'><em>Saint</em></span> <span class='ocrx_word' id='word_1_419' title='bbox 1508 4233 1636 4283; x_wconf 81' lang='lat' dir='ltr'><em>Ant.</em></span> <span class='ocrx_word' id='word_1_420' title='bbox 1663 4235 1729 4282; x_wconf 82' lang='lat' dir='ltr'><em>de</em></span> <span class='ocrx_word' id='word_1_421' title='bbox 1753 4231 1894 4283; x_wconf 89' lang='lat' dir='ltr'><em>Pad.</em></span> <span class='ocrx_word' id='word_1_422' title='bbox 1921 4235 1970 4282; x_wconf 88' lang='lat' dir='ltr'><em>et</em></span> <span class='ocrx_word' id='word_1_423' title='bbox 2000 4232 2128 4283; x_wconf 87' lang='lat' dir='ltr'><em>l&#39;art</em></span> <span class='ocrx_word' id='word_1_424' title='bbox 2161 4232 2371 4292; x_wconf 86' lang='lat' dir='ltr'><em>italien,</em></span> <span class='ocrx_word' id='word_1_425' title='bbox 2404 4247 2457 4298; x_wconf 90' lang='lat' dir='ltr'><em>p.</em></span> <span class='ocrx_word' id='word_1_426' title='bbox 2489 4236 2598 4283; x_wconf 76' lang='lat'><em>344.</em></span> 
     </span>
     <span class='ocr_line' id='line_1_44' title="bbox 467 4313 823 4374; baseline -0.003 -10"><span class='ocrx_word' id='word_1_427' title='bbox 467 4313 651 4374; x_wconf 78' lang='lat' dir='ltr'><em>PariS,</em></span> <span class='ocrx_word' id='word_1_428' title='bbox 685 4315 823 4363; x_wconf 81' lang='grc'><strong>1899.</strong></span> 
     </span>
    </p>
   </div>
  </div>
 </body>
</html>
