3109 4950
520 406 647 472 140
1062 426 1118 471 s.
1175 424 1465 471 ΑΝτοΝιι
1512 425 1835 472 mci-:nm
1884 426 2100 471 enm».

516 563 761 632 crucis.
828 567 937 633 43.
1000 568 1105 633 Ex
1160 574 1321 632 tunc
1379 565 1584 655 coepit
1644 589 1717 632 se
1772 564 2324 632 recommendare
2383 567 2525 632 Deo
2582 575 2650 632 et

514 672 736 740 beatae
796 671 1070 762 Virgini
1138 682 1205 740 et
1263 671 1462 740 beato
1522 672 1847 752 AntoniO,
1910 696 1993 740 ne
2061 671 2180 739 tali
2249 681 2465 738 morte
2533 696 2650 762 pe-

515 778 719 856 riret;
757 788 822 846 et
861 778 1225 870 egrediens
1265 779 1468 870 coepit
1507 779 1607 846 ire
1639 803 1884 847 versus
1915 780 2210 869 plateam
2241 780 2646 847 communiS.

515 888 626 953 44.
663 884 881 953 Multa
921 896 1146 953 autem
1185 885 1453 953 illorum
1494 886 1888 954 animalium
1929 897 1998 953 et
2029 886 2379 953 volucrum
2415 896 2650 953 secuta

518 1003 679 1059 sunt
731 1016 883 1059 eum
935 1002 1002 1060 et
1063 992 1132 1059 in
1184 992 1411 1083 platea
1465 993 1867 1070 communis,
1925 994 2114 1060 illum
2170 993 2645 1078 verberanteS,

518 1099 931 1190 torquebant
967 1098 1273 1190 linguam
1314 1100 1486 1190 ejus,
1532 1100 1632 1167 ita
1671 1101 1852 1190 quod
1891 1100 2229 1192 loquelam
2281 1100 2513 1167 amisit
2552 1112 2643 1180 et,

516 1217 675 1297 post
712 1207 839 1273 hoc
876 1205 1288 1284 immediate,
1323 1206 1620 1297 perdidit
1659 1207 1863 1275 etiam
1901 1208 2152 1275 visum.

606 1317 716 1382 45.
762 1316 871 1398 Et,
919 1312 1017 1380 sic
1050 1313 1371 1380 reductus
1423 1314 1512 1381 ad
1551 1314 1823 1381 domum
1863 1313 2118 1382 domini
2159 1314 2290 1394 sui,
2335 1313 2650 1404 privatus

516 1421 785 1511 loquela
824 1431 892 1488 et
929 1420 1110 1500 visu,
1144 1420 1524 1509 permansit
1565 1421 1661 1488 sic
1703 1421 2013 1488 infirmus
2043 1445 2261 1511 usque
2290 1420 2375 1488 ad
2408 1421 2650 1488 seriam

515 1538 829 1619 quartam
873 1537 1030 1595 ante
1071 1529 1355 1596 Coenam
1392 1528 1686 1596 Domini.
1723 1531 1834 1597 46.
1872 1527 2002 1597 Cui
2041 1528 2362 1618 apparuit
2399 1527 2650 1595 beatus

516 1634 884 1721 Antonius,
946 1634 1312 1725 quamdam
1373 1658 1641 1703 crucem
1706 1634 2200 1702 lucidissimam
2269 1646 2514 1702 tenens
2580 1634 2651 1701 in

516 1767 744 1823 manu,
789 1742 1184 1810 confortans
1224 1765 1376 1809 eum
1426 1752 1492 1809 et
1541 1742 1759 1809 eidem
1813 1742 2114 1810 suadens
2153 1741 2333 1833 quod
2388 1742 2457 1809 in
2509 1745 2649 1809 Do-

515 1850 697 1917 mino
752 1859 1087 1939 speraret,
1145 1849 1305 1939 quia
1357 1849 1477 1917 tali
1534 1849 1808 1917 domino
1854 1873 1926 1917 se
1967 1848 2652 1917 recommendaverat

517 1957 630 2047 qui
671 1957 842 2023 bene
875 1980 1024 2023 eum
1066 1980 1105 2023 a
1147 1980 1271 2023 sua
1299 1956 1696 2024 infirmitate
1726 1967 2017 2024 curaret.
2055 1959 2165 2025 47.
2211 1959 2268 2023 T
2274 1979 2430 2035 unc,
2476 1955 2649 2023 nuti·

516 2066 646 2133 bus
678 2064 970 2132 innuens
998 2063 1176 2154 quod
1216 2063 1581 2131 duceretur
1610 2063 1695 2131 ad
1735 2086 1964 2153 arcam
1994 2065 2176 2132 beati
2220 2063 2525 2143 Antonii,
2562 2062 2649 2130 ad

518 2192 667 2235 eam
699 2191 904 2258 super
932 2167 1295 2259 quamdam
1326 2168 1591 2235 asinam
1623 2167 1890 2236 delatus
1922 2179 2030 2235 est
2069 2179 2160 2247 et,
2195 2169 2364 2237 feria
2402 2180 2650 2261 quarta

519 2286 677 2342 ante
725 2276 1009 2342 Coenam
1056 2274 1352 2354 Domini,
1399 2275 1678 2343 advenit
1723 2275 1905 2342 illuc.
1949 2279 2059 2344 48.
2113 2276 2367 2344 Ibidem
2421 2287 2649 2344 autem

519 2392 910 2449 reverenter
949 2381 1169 2449 oranti
1198 2396 1229 2424 α
1270 2381 1397 2449 sub
1438 2405 1622 2462 arca,
1667 2393 1734 2450 et
1771 2382 2133 2472 implorato
2174 2383 2424 2451 auxilio
2462 2384 2649 2451 beati

520 2488 822 2566 Antonii,
867 2489 1046 2557 circa
1089 2488 1627 2580 completorium,
1674 2489 1940 2581 loquela
1989 2490 2121 2558 sibi
2172 2491 2492 2560 restituta
2543 2501 2653 2558 est

519 2607 609 2677 et,
640 2597 949 2687 sequenti
981 2596 1114 2675 die,
1145 2597 1214 2663 in
1245 2599 1459 2666 Coena
1491 2596 1785 2675 Domini,
1821 2597 1979 2665 dum
2011 2608 2404 2666 cantaretur
2435 2598 2652 2665 missa

520 2714 920 2782 conventus,
955 2703 1149 2770 visus
1180 2704 1242 2770 ei
1281 2704 1644 2771 restitutus
1674 2715 1820 2784 θεὶς
1856 2716 1924 2772 et
1949 2729 2162 2771 sanus
2193 2715 2261 2772 et
2291 2705 2653 2772 incolumis

518 2811 606 2878 ad
644 2810 917 2879 domum
975 2810 1229 2878 domini
1288 2811 1395 2877 sui
1454 2811 1804 2878 remeavit.
1875 2814 1985 2879 49.
2057 2812 2180 2879 Die
2245 2835 2409 2878 vero
2466 2811 2653 2878 beati

520 2918 829 3008 Georgii,
877 2917 1235 2985 Fratribus
1275 2917 1662 2985 Minoribus
1694 2917 1762 2984 in
1789 2918 2184 3007 supradicta
2216 2918 2380 2985 villa
2411 2918 2652 3008 praedi-

519 3024 862 3106 cantibus,
905 3035 1045 3092 tam
1083 3024 1308 3092 clerici
1349 3049 1551 3115 quam
1582 3025 1737 3092 laici
1777 3025 2240 3093 testimonium
2286 3025 2651 3116 perhibue-

520 3143 678 3199 runt
746 3156 819 3199 se
885 3131 1285 3222 praedictum
1346 3131 1719 3198 Martinum
1777 3130 1995 3221 primo
2064 3156 2332 3212 sanum,
2402 3132 2650 3199 deinde

521 3239 888 3319 infirmum,
932 3248 1006 3306 ut
1045 3237 1299 3306 dictum
1339 3249 1447 3305 cst
1487 3262 1722 3328 supra,
1771 3250 2012 3328 postea
2044 3263 2205 3307 vero
2254 3240 2649 3307 restitutum

521 3345 845 3436 plenariae
886 3344 1165 3412 sanitati
1204 3344 1514 3412 vidissel’
1550 3347 1592 3412 ¹.

575 3556 621 3588 a.
647 3542 788 3586 Tcxte
809 3553 977 3587 orans.
1005 3564 1059 3574 —
1084 3541 1127 3586 b.
1153 3541 1301 3585 Texte
1324 3552 1444 3586 omct
1466 3540 1668 3586 vidisse.

584 3719 627 3765 1.
663 3716 803 3767 Jean
850 3713 1086 3778 Rigauld
1137 3729 1275 3765 nous
1325 3714 1506 3766 donne
1549 3715 1700 3763 aussi
1745 3715 1888 3764 cette
1920 3714 2147 3765 histoire
2191 3720 2333 3779 (cap.
2361 3715 2430 3776 X,
2460 3715 2546 3765 ed.
2580 3715 2655 3764 du

521 3797 583 3847 P.
616 3796 947 3857 Ferdinand‚
981 3809 1031 3861 p.
1060 3798 1300 3859 144-148),
1334 3796 1465 3860 qu'il
1499 3795 1652 3855 tient,
1674 3794 1841 3855 dit—il,
1874 3794 1997 3844 d'un
2029 3797 2236 3844 certain
2268 3797 2435 3845 Frere
2467 3795 2656 3845 Pierre

522 3876 589 3926 de
630 3875 960 3935 Pomarada,
1011 3875 1192 3941 lequel
1242 3875 1295 3925 la
1346 3876 1517 3925 tenait
1574 3875 1860 3924 lui-meme
1905 3874 2032 3925 d'un
2080 3866 2287 3925 certain
2333 3875 2540 3926 lecteur
2585 3874 2656 3924 de

522 3956 774 4018 Padoue3
809 3956 947 4005 mais
975 3956 1012 4006 il
1048 3970 1115 4006 en
1149 3959 1373 4005 raco'nte
1412 3957 1467 4005 la
1500 3957 1772 4020 premiere
1803 3956 1980 4020 partie
2027 3955 2188 4004 d'une
2218 3955 2374 4017 {acon
2405 3955 2513 4005 sort
2545 3954 2653 4004 dis·

522 4038 746 4089 serente.
781 4037 932 4086 Dans
973 4050 1073 4085 son
1120 4037 1272 4097 recit,
1305 4038 1437 4086 c'est
1480 4036 1529 4086 le
1560 4035 1826 4100 complice
1857 4035 1928 4085 du
1964 4036 2171 4086 sorcier
2200 4037 2292 4100 qui
2323 4039 2408 4085 est
2437 4034 2568 4100 puni
2600 4039 2657 4085 et

522 4131 650 4178 non,
681 4130 893 4168 comme
921 4115 1060 4166 dans
1098 4116 1150 4166 le
1198 4117 1299 4166 Ms.
1345 4116 1482 4165 Pad.
1516 4120 1592 4178 74,
1624 4130 1696 4165 un
1730 4129 1935 4179 pauvre
1985 4115 2200 4165 homme
2235 4116 2327 4179 qui
2359 4117 2479 4166 n'en
2519 4118 2655 4179 peut

524 4199 681 4248 mais.
722 4197 766 4248 Il
795 4198 878 4260 n'y
906 4211 939 4246 a
966 4210 1066 4260 pas
1096 4210 1206 4245 non
1238 4196 1363 4261 plus
1389 4196 1528 4246 dans
1557 4197 1586 4246 J
1594 4210 1698 4247 ean
1729 4195 1964 4259 Rigauld
1994 4195 2050 4245 la
2084 4195 2440 4259 description,
2473 4195 2652 4245 horri-

524 4278 670 4345 flque
705 4280 760 4328 et
804 4279 1121 4342 grotesque,
1152 4276 1250 4327 des
1276 4276 1546 4328 fantomcs
1579 4279 1632 4328 et
1661 4276 1759 4327 des
1788 4275 2001 4327 diables
2045 4277 2138 4342 qui
2168 4279 2282 4337 ont,
2330 4275 2650 4343 soi-disant,
