3109 4950
576 433 664 500 82
1043 453 1102 499 S.
1157 452 1444 499 ΑΝτοΝιῐ
1494 452 1818 499 LEGENDA
1867 451 2108 512 patuit,
2161 432 2247 498 29

579 595 1207 686 conglomeratura.
1250 597 1317 664 8.
1362 598 1718 686 Leguntur
1757 594 2049 686 denique
2087 617 2318 662 coram
2367 593 2550 660 omni
2588 617 2710 684 po-

578 712 764 802 pulo,
801 737 883 779 ex
906 735 1118 790 more,
1148 711 1477 780 miracula
1505 721 1575 780 et
1604 711 2018 779 extolluntur
2057 733 2324 778 summa
2348 709 2711 777 devotione

578 843 658 887 ac
688 818 1073 887 reverentia
1100 819 1284 887 beati
1314 818 1533 910 patris
1565 818 1848 887 Antonii
1878 817 2120 885 merita
2153 816 2483 908 gloriosa.

667 930 732 996 9.
770 928 977 995 Stans
1037 926 1254 1018 igitur
1291 936 1531 1018 pastor
1587 925 1914 1006 ecolesiae,
1963 934 2204 993 sancta
2246 924 2713 992 consolatione

580 1034 930 1124 perfusuS,
966 1056 1210 1102 manus
1254 1032 1341 1101 ad
1381 1032 1623 1101 coelum
1661 1030 2059 1123 protendit⁶
2098 1041 2190 1118 et,
2233 1030 2551 1100 invocato
2592 1055 2716 1098 no-

578 1141 759 1208 mine
782 1140 1145 1209 Trinitatis
1177 1140 1433 1209 deificae
1455 1154 1506 1221 ⁶,
1540 1139 2018 1209 beatissimum
2043 1149 2308 1230 patrem
2340 1138 2710 1206 Antonium

580 1247 650 1315 in
690 1249 1006 1339 catalogo
1062 1258 1454 1316 sanctorum
1493 1245 1961 1339 conscripsitd
2007 1270 2087 1314 ao
2129 1246 2376 1314 festum
2417 1246 2564 1337 ejus
2604 1244 2712 1313 die

581 1355 810 1424 obitus
851 1355 1003 1423 sui⁶
1033 1355 1364 1423 celebrari
1394 1354 1751 1424 constituit
1780 1355 1844 1436 s,
1893 1353 1980 1422 ad
2018 1352 2288 1422 laudem
2320 1363 2389 1421 et
2421 1352 2710 1444 gloriam

583 1464 710 1530 Dei
733 1476 795 1544 ὅ,
813 1462 1034 1554 patris
1065 1473 1132 1531 et
1161 1462 1280 1530 filii
1311 1472 1380 1530 et
1408 1462 1694 1554 spiritus
1716 1461 1961 1544 sancti,
1997 1460 2103 1529 cui
2134 1471 2241 1528 est
2257 1460 2473 1528 honor
2489 1470 2556 1528 et
2585 1460 2712 1527 im-

581 1569 844 1660 perium
874 1594 997 1662 per
1026 1569 1251 1639 omnia
1285 1570 1537 1638 saecula
1568 1569 1972 1638 saeculorum
1991 1568 2049 1637 ἠ.
2084 1570 2329 1636 Amen.

675 1680 779 1746 10.
827 1680 1037 1746 Facta
1082 1687 1243 1745 sunt
1282 1676 1552 1745 antemi
1588 1676 1733 1745 haec
1779 1676 1850 1743 in
1891 1675 2169 1744 civitate
2213 1675 2497 1766 Spoleti,
2532 1697 2711 1742 anno

585 1783 857 1852 Domini
883 1783 1240 1852 millesimo
1267 1783 1734 1853 ducentesimo
1764 1782 2112 1852 tricesimo
2146 1781 2468 1863 secundo,
2503 1781 2710 1848 indic-

578 1890 764 1959 tione
794 1891 1069 1982 quinta}
1092 1946 1108 1979 ,
1140 1891 1268 1959 sub
1300 1890 1409 1959 die
1442 1894 1886 1959 pentecostes
1914 1891 1962 1972 ¹,
1987 1889 2427 1981 pontificatus
2460 1886 2714 1957 domini

582 1997 906 2089 Gregorii
945 1997 1191 2089 papae*
1218 1997 1379 2066 noni
1431 2021 1612 2065 anno
1652 2007 1847 2066 sexto
1876 1999 1920 2065 Ι.
1970 2000 2076 2064 11.
2132 1995 2366 2065 Nuntii
2412 2019 2580 2063 vero
2618 1993 2715 2062 ci-

579 2104 820 2172 vitatis
874 2103 1215 2187 Paduaem‚
1260 2104 1525 2173 concito
1585 2128 1836 2195 gressu
1893 2103 2176 2172 domum
2233 2113 2711 2194 properanteS,

582 2221 742 2279 ante
773 2211 1181 2300 completum
1214 2223 1371 2303 post
1400 2222 1687 2280 mortem
1716 2210 1899 2280 beati
1929 2210 2215 2279 Antonii
2252 2234 2505 2278 annum
2534 2210 2713 2278 felici

580 2341 832 2408 pompa
871 2318 1134 2386 reversi
1175 2328 1337 2387 sunt
1384 2328 1502 2386 et’2
1540 2319 1792 2387 festum
1844 2318 1993 2409 ejus
2047 2318 2283 2386 eodem
2326 2317 2459 2398 die,
2514 2341 2713 2385 revo-

581 2424 770 2495 luto⁰
809 2426 1442 2518 transmigrationis
1484 2426 1707 2518 ipsius
1760 2448 1965 2510 ann0,
2008 2424 2339 2494 indicibili
2390 2424 2713 2495 solemni-

580 2542 721 2601 tate
752 2533 1260 2604 celebraruntl'.

634 2760 677 2793 a.
696 2748 800 2793 Alc.
816 2750 896 2794 286
909 2759 954 2794 et
969 2747 1085 2793 Luc.
1104 2748 1303 2794 donnent
1316 2748 1505 2795 christo
1520 2747 1716 2795 domini
1733 2748 2155 2804 conqlomeratur.
2173 2748 2282 2793 Pad.
2299 2748 2490 2794 christo
2504 2747 2713 2793 domino

578 2819 998 2876 conplomeratur.
1044 2819 1178 2864 Paris
1218 2820 1408 2865 christo
1449 2820 1657 2866 domino
1699 2820 2159 2875 conqlomerantur.
2204 2819 2275 2863 La
2320 2819 2543 2875 premiere
2585 2820 2714 2875 lec-on

577 2890 768 2936 christo
800 2890 1022 2945 Domini,
1059 2914 1114 2924 -—
1142 2904 1220 2936 cea
1252 2902 1371 2936 mota
1404 2892 1707 2948 s'appliquent
1735 2903 1790 2935 au
1819 2890 2060 2935 souverain
2092 2891 2284 2947 pondre,
2316 2913 2369 2923 —
2400 2899 2470 2934 est
2503 2891 2548 2934 la
2583 2890 2715 2945 lecon

576 2973 747 3006 exacte.
767 2985 819 2995 —
844 2963 888 3007 b.
920 2962 1055 3007 Paris
1085 2974 1270 3008 manus
1289 2963 1549 3019 protendit
1581 2964 1646 3008 ad
1675 2963 1875 3007 coelum.
1911 2985 1963 2995 —
1991 2973 2037 3008 c.
2065 2961 2198 3006 Paris
2229 2961 2419 3017 deificae
2447 2962 2714 3007 Trinitatis

577 3033 798 3078 nomine.
822 3056 876 3067 —
911 3033 961 3078 d.
984 3034 1118 3079 Paris
1155 3033 1445 3091 adscripsit.
1478 3057 1533 3068 —
1566 3046 1608 3079 e.
1631 3034 1767 3078 Paris
1798 3034 1900 3078 add.
1943 3033 1996 3077 id
2018 3036 2092 3078 eat
2115 3033 2252 3088 junii
2274 3034 2417 3078 XIII.
2443 3056 2497 3067 —
2516 3033 2552 3089 Ι.
2577 3033 2716 3078 Paris

576 3104 871 3149 solemniter
887 3105 1245 3150 celebrandum
1270 3105 1505 3151 instituit.
1528 3128 1582 3139 -
1599 3117 1647 3161 9.
1669 3104 1759 3149 Dei
1793 3116 1862 3150 est
1895 3117 1982 3149 om.
2010 3117 2089 3161 par
2117 3105 2222 3149 Alc.
2244 3105 2340 3153 286.
2362 3104 2475 3149 Pad.
2496 3114 2542 3148 et
2561 3104 2711 3150 Paris.

576 3199 630 3209 —
646 3177 695 3220 h.
715 3175 849 3220 Paris
868 3177 921 3221 in
936 3177 1120 3222 saecula
1143 3177 1461 3223 seculorum.
1477 3199 1531 3210 —
1546 3177 1582 3221 i.
1599 3176 1733 3221 Paris
1746 3181 1915 3221 autem
1934 3180 2071 3222 sunt.
2091 3199 2143 3209 —
2156 3176 2198 3231 j.
2221 3177 2325 3222 Alc.
2346 3177 2427 3221 ⁴286
2447 3174 2713 3221 inditionis

579 3248 780 3302 quintae.
804 3270 854 3281 —
874 3247 921 3292 It.
942 3248 1079 3292 Paris
1091 3260 1182 3294 om.
1208 3260 1366 3305 papae.
1386 3271 1440 3282 —
1457 3248 1488 3294 1.
1506 3247 1622 3292 Luc.
1639 3248 1871 3304 septimo.
1888 3270 1940 3280 —
1954 3258 2024 3292 m.
2043 3247 2176 3292 Paris
2195 3248 2450 3292 Paduanae
2471 3247 2710 3293 civitatis.

576 3341 629 3352 -
646 3331 693 3363 n.
726 3319 860 3363 Paris
885 3331 974 3363 om.
1005 3322 1124 3364 sunt
1153 3322 1216 3365 et.
1240 3343 1294 3353 —
1316 3332 1360 3364 o.
1382 3320 1488 3365 Alc.
1517 3321 1598 3366 286
1623 3319 1856 3364 revelato.
1872 3342 1925 3351 —
1943 3331 1994 3375 p.
2014 3319 2085 3363 Le
2109 3319 2200 3363 Ms.
2218 3319 2322 3363 Alc.
2347 3319 2445 3371 286,
2476 3318 2712 3363 immedia-

578 3399 748 3434 tement
780 3389 912 3446 apres
944 3391 1015 3434 les
1052 3400 1168 3435 mets
1204 3390 1523 3435 solemnitate
1557 3390 1876 3436 celebrarunt
1911 3402 1956 3434 et
1989 3402 2098 3433 sane
2126 3390 2272 3434 meme
2296 3391 2411 3434 aller
2439 3390 2464 3433 a
2492 3390 2535 3433 la
2563 3389 2708 3445 ligne,

578 3462 725 3506 donne
749 3462 792 3506 le
813 3462 1069 3518 preambule
1089 3463 1149 3506 du
1173 3463 1345 3506 recueil
1363 3464 1418 3506 de
1440 3462 1652 3506 miracles
1677 3463 1944 3518 posthumea
1975 3460 2147 3506 annexe
2174 3462 2200 3505 ὰ
2225 3463 2268 3505 la
2287 3461 2495 3517 leqcnda
2518 3461 2708 3518 prima.

577 3532 648 3577 Le
678 3533 770 3578 Ma.
795 3534 853 3578 de
881 3533 1109 3588 Lucerne,
1133 3534 1266 3590 apres
1309 3534 1352 3578 le
1385 3533 1594 3589 chapitre
1636 3534 1768 3590 qu'on
1811 3534 1935 3578 vlent
1977 3535 2032 3578 de
2065 3534 2167 3587 lire,
2202 3534 2329 3589 place
2360 3545 2449 3577 une
2486 3533 2712 3589 premiere

577 3604 826 3658 addition,
845 3605 1125 3649 renfermant
1149 3606 1191 3650 le
1206 3604 1317 3649 recit
1341 3605 1445 3649 d'un
1476 3605 1665 3661 prodige
1689 3605 1766 3661 qui
1796 3605 1937 3649 serait
1957 3603 2119 3658 amre,
2139 3615 2194 3648 en
2213 3604 2445 3660 Portugal‚
2465 3605 2507 3647 le
2527 3606 2631 3659 iour
2653 3605 2712 3648 de

575 3676 620 3719 la
641 3676 953 3720 canonisation
972 3675 1071 3733 (lea
1090 3676 1274 3720 cloches
1293 3677 1349 3720 de
1376 3676 1611 3721 Lisboune
1632 3686 1826 3720 sonnant
1849 3687 1995 3720 tontes
2015 3676 2202 3729 sentes),
2226 3687 2271 3720 et
2290 3687 2378 3719 uno
2398 3687 2519 3719 sorte
2536 3675 2714 3730 d'eloge

574 3749 635 3791 du
661 3747 797 3792 saint.
825 3747 957 3793 Nous
984 3748 1307 3802 reproduirons
1334 3749 1436 3803 plus
1464 3747 1577 3801 loin,
1605 3760 1662 3792 en
1685 3748 1948 3803 appendice,
1981 3748 2026 3790 le
2045 3757 2165 3791 texte
2186 3748 2241 3791 de
2269 3756 2386 3790 cette
2413 3747 2618 3790 addition
2644 3749 2713 3791 du

576 3819 667 3864 Ma.
702 3819 869 3863 suisse.
912 3819 982 3864 Le
1020 3819 1111 3863 ΜΒ.
1151 3819 1206 3864 de
1237 3820 1282 3864 la
1319 3819 1510 3864 Faculte
1552 3820 1609 3863 de
1647 3819 1876 3874 theologie
1922 3828 2199 3874 protestante
2228 3819 2285 3862 de
2319 3818 2454 3862 Paris
2489 3819 2656 3872 donne,
2687 3818 2716 3862 ‘a

574 3901 691 3935 cette
720 3891 864 3934 meme
889 3890 1032 3946 place,
1068 3902 1128 3934 un
1165 3890 1279 3935 recit
1311 3892 1368 3936 de
1394 3892 1438 3935 la
1466 3891 1737 3935 translation
1765 3891 1847 3934 des
1875 3890 2080 3946 reliques
2105 3891 2164 3934 du
2192 3890 2513 3945 thaumaturge
2536 3899 2581 3934 et
2623 3902 2716 3936 une

575 3978 596 4003 ι
613 3963 847 4007 conclusio
876 3962 1083 4019 legendae
1099 3979 1122 4004 ι
1143 3963 1251 4008 dont
1278 3974 1336 4007 on
1361 3972 1572 4007 trouvera
1599 3962 1855 4019 egalement
1884 3963 1928 4006 le
1949 3970 2068 4007 texte
2091 3962 2117 4005 a
2141 3961 2441 4017 l'appendice.

637 4136 683 4183 1.
716 4133 792 4185 Le
822 4138 884 4184 30
914 4134 1022 4184 mai
1054 4136 1192 4185 1232.
