3109 4950
881 483 941 528 s,
996 482 1280 528 Ani-oum
1331 482 1656 529 Laesum
1705 482 1947 542 rmuA,
1991 464 2071 530 31
2443 463 2531 532 85

395 615 580 691 aurae
612 622 990 713 frigidioris
1021 621 1336 712 spiritum
1368 621 1814 690 refocillabat.
1853 624 1914 690 7.
1955 622 2344 714 Quumque,
2374 633 2533 713 post

396 729 734 797 modicum
765 728 1042 797 reducta
1074 752 1301 796 coram
1334 728 1619 808 tumu10,
1649 728 1906 796 clausis
1936 729 2150 797 oculis
2174 743 2204 772 ‘¹
2231 741 2526 811 orasset,

395 860 669 904 manum
733 835 1088 927 tangentis
1161 845 1471 902 ventrem
1545 859 1625 903 ac
1651 834 1678 878 ὁ
1709 858 1959 927 corpus
2026 860 2225 904 suum
2300 836 2529 905 levare

399 940 713 1006 conantis
735 953 762 982 ⁶
804 938 1047 1008 sensit.
1080 945 1146 1010 8.
1184 944 1276 1010 At
1306 941 1445 1021 illa,
1482 942 1659 1010 scire
1685 942 1967 1033 cupiens
2000 942 2312 1034 quisnam
2345 953 2532 1011 esset

398 1046 565 1137 quid
590 1070 740 1113 eam
780 1057 1122 1137 tangeret,
1165 1049 1453 1116 elevatis
1493 1049 1709 1117 oculis
1753 1048 2093 1117 neminem
2125 1049 2257 1117 sibi
2289 1073 2529 1140 appro-

398 1154 731 1244 pinquare
760 1153 1062 1223 videbat.
1095 1157 1162 1224 9.
1196 1156 1600 1247 Intelligens
1630 1156 1843 1246 igitur
1865 1169 1892 1200 ⁶
1950 1156 2190 1225 mulier
2222 1155 2528 1224 divinum

398 1261 598 1328 fores
637 1260 959 1329 auxilium
990 1262 1170 1353 quod
1211 1274 1548 1350 senserat,
1597 1263 1779 1331 illico
1819 1263 2138 1345 surrexit,
2184 1263 2529 1332 dimissis-

398 1392 528 1460 que
569 1367 803 1436 ferulis
832 1392 983 1436 cum
1020 1369 1172 1437 viro
1204 1393 1329 1438 suo
1369 1369 1683 1461 gaudens
1726 1369 1813 1436 ad
1850 1370 2129 1461 propria
2168 1371 2522 1440 remeavit.

491 1478 597 1543 10.
643 1474 797 1542 Alia
852 1499 1017 1543 vero
1077 1476 1347 1558 mulier,
1412 1476 1708 1546 Ricarda
1761 1476 2059 1562 nomine,
2112 1501 2343 1569 quum,
2405 1501 2527 1569 per

394 1582 648 1673 viginti
688 1606 929 1664 annoS,
973 1607 1173 1650 crura
1214 1607 1466 1675 gerens
1517 1583 1710 1653 arida
1730 1598 1793 1663 ὅ,
1836 1595 2270 1652 monstruose
2299 1584 2521 1653 soretlb

395 1699 749 1758 contracta
779 1690 850 1758 in
885 1700 1153 1758 tantum
1189 1702 1267 1759 ut
1298 1715 1524 1783 genua
1554 1691 1815 1782 pectori
1854 1702 1923 1759 et
1962 1691 2172 1783 pedes
2215 1691 2531 1760 natibusf

393 1797 827 1866 adhaerentes
857 1798 1114 1866 callosa
1139 1798 1170 1854 Ι
1196 1798 1492 1889 quadarn
1540 1799 1970 1890 copulatione
2014 1823 2089 1867 se
2124 1800 2522 1891 jungerent,

394 1905 504 1973 die
580 1905 898 1996 quadam,
968 1904 1489 1974 mendicationis
1569 1907 1820 1997 gratia,
1887 1930 2037 1974 cum
2111 1906 2526 1997 pauperibus

393 2010 692 2091 caeteriS,
752 2021 827 2078 ut
885 2011 1389 2104 eleemosynam
1443 2037 1484 2081 a
1532 2012 2110 2082 transeuntibus*
2160 2012 2522 2104 acciperet,

394 2118 481 2186 ad
513 2118 736 2185 locum
767 2118 950 2186 beati
978 2119 1199 2209 patris
1221 2122 1245 2163 Ι
1273 2120 1580 2202 Antonii,
1612 2120 1932 2190 scanellis
1953 2122 2036 2166 ”⁸¹
2079 2143 2202 2210 pro
2233 2118 2525 2210 pedibus

389 2237 620 2305 utens,
656 2225 959 2293 advenit.
998 2230 1104 2294 11.
1140 2227 1525 2319 Quumque,
1562 2251 1807 2319 sopore
1833 2226 2166 2318 depressa
2191 2239 2249 2307 ¹⁸,
2280 2225 2524 2293 dormi·

392 2345 550 2401 tans
583 2343 789 2423 caput
819 2332 1315 2424 aliquantulum
1347 2336 1751 2403 reclinasset
1771 2349 1801 2378 ⁰
1833 2335 1920 2402 ad
1951 2345 2229 2414 terram,
2264 2334 2526 2401 audivit

391 2465 631 2508 vocem
671 2439 1007 2509 dicentem
1043 2464 1059 2509 ε
1108 2445 1248 2510 Deo
1280 2443 1572 2534 gratias,
1599 2441 1758 2535 quia
1799 2442 2085 2511 liberata
2126 2451 2255 2510 est.
2293 2445 2397 2508 12.
2437 2441 2527 2508 At

388 2549 531 2629 illa,
566 2547 829 2639 apertis
859 2549 1101 2632 oculiS‚
1143 2550 1320 2620 vidit
1356 2551 1679 2641 puellam,
1744 2575 1897 2641 quae
1939 2549 2231 2641 gibbosa
2276 2550 2523 2628 suerat,

390 2656 541 2737 sed,
587 2655 858 2723 meritis
902 2657 1324 2726 sanctissimi
1369 2659 1590 2749 patris
1633 2657 1916 2726 sanitati
1957 2656 2248 2736 reddita,
2293 2656 2527 2723 multis

389 2762 906 2842 comitantibuS,
967 2764 1350 2833 recedebat.
1410 2769 1515 2834 13.
1565 2763 1875 2834 Surrexit
1914 2786 2080 2855 ergo
2120 2763 2360 2830 mulier
2385 2777 2423 2819 Ρ
2454 2773 2529 2830 ut

386 2873 541 2963 ipsa
562 2886 621 2952 ¹1,
685 2870 1061 2938 curationis
1125 2872 1375 2962 gratia,
1440 2871 1526 2939 ad
1586 2872 1921 2940 tumulum
1973 2871 2331 2951 introiret;
2368 2872 2526 2937 dum

388 2989 620 3046 autem
673 2976 831 3055 iret,
889 3001 1042 3045 ecce
1092 3001 1261 3069 puer
1313 2978 1590 3069 quidam
1643 2979 1998 3069 septennis
2057 2976 2376 3069 apparuit
2431 2987 2522 3055 et,

389 3085 652 3154 clausis
700 3083 1017 3152 manibus
1064 3084 1488 3175 praecedens‚
1545 3085 1633 3153 ad
1675 3085 2155 3155 introeundum
2207 3082 2528 3152 invitavit

389 3191 682 3259 dicens:
740 3190 941 3273 Veni,
1010 3191 1081 3258 in
1147 3193 1417 3259 nomine
1488 3192 1783 3271 Domini,
1838 3193 1998 3283 quia
2053 3191 2371 3260 liberabit
2431 3202 2522 3257 tc.

394 3303 499 3366 14.
542 3300 669 3366 llla
698 3322 887 3385 vere,
931 3299 1382 3390 praecedentis
1415 3324 1709 3391 sequens
1739 3300 2043 3390 vestigia
2064 3312 2114 3379 Γ,
2149 3297 2236 3365 ad
2276 3297 2527 3364 ostium

389 3406 704 3473 eeclesiae
763 3406 1126 3474 scanellis³
1181 3432 1264 3475 ex
1318 3431 1506 3475 more
1569 3431 1644 3476 se
1702 3408 1955 3489 traxit3
2015 3406 2161 3487 sed,
2213 3429 2417 3496 quum
2459 3404 2528 3470 in

443 3644 488 3675 a.
528 3630 665 3674 Paris
689 3630 851 3675 oculis
876 3630 1080 3676 clausis.
1110 3654 1163 3665 —
1189 3631 1230 3676 b.
1262 3631 1395 3675 Paris
1415 3636 1580 3687 alque.
1607 3654 1659 3665 —
1689 3644 1732 3677 c.
1757 3632 1863 3677 Alc.
1897 3633 1979 3678 286
2014 3642 2059 3676 et
2094 3632 2210 3676 Luc.
2246 3634 2530 3677 conantem.

386 3724 441 3734 —
469 3703 520 3745 d.
550 3701 668 3746 Luc.
708 3702 959 3757 quidnam
996 3705 1123 3747 esset
1158 3704 1310 3757 quod.
1339 3726 1393 3737 —
1417 3718 1458 3748 e.
1485 3704 1602 3748 Luc.
1634 3715 1766 3759 ωηο.
1804 3726 1858 3737 -
1900 3704 1935 3760 Γ.
1963 3702 2076 3747 Luc.
2102 3703 2199 3747 sibi
2238 3703 2360 3757 sore.
2394 3726 2449 3735 -
2483 3716 2530 3757 y.

391 3773 526 3816 Paris
545 3774 650 3817 add.
684 3776 747 3817 et.
773 3796 825 3806 —
851 3774 899 3817 h.
930 3773 1064 3817 Paris
1089 3775 1273 3829 ruerat.
1306 3797 1360 3808 —
1395 3775 1425 3818 i.
1453 3775 1588 3819 Paris
1613 3777 1837 3820 naribus.
1876 3798 1930 3808 —
1953 3776 1996 3831 j.
2023 3775 2127 3819 Alc.
2153 3777 2233 3819 ‘28⁴5
2254 3775 2455 3819 collosa.
2482 3797 2534 3807 —

390 3844 436 3887 k.
457 3843 597 3887 Paris
615 3856 646 3888 a
669 3844 1053 3889 transeuntibus
1079 3846 1468 3901 eleemosynam.
1493 3870 1547 3879 —
1569 3848 1601 3892 l.
1621 3848 1727 3892 Alc.
1760 3849 1839 3893 286
1869 3846 2030 3903 patris
2053 3845 2198 3890 beati.
2227 3868 2281 3878 —
2315 3857 2382 3890 m.
2404 3846 2535 3888 Paris

388 3916 710 3960 sabellisae-
730 3929 781 3960 n.
809 3916 924 3960 Luc.
947 3928 1141 3972 pressa.
1164 3939 1213 3950 -
1241 3930 1286 3962 o.
1305 3917 1420 3962 Luc.
1448 3918 1767 3963 declinasset.
1787 3932 1905 3974 —p.
1928 3918 2059 3961 Paris
2076 3917 2258 3971 itaque.
2280 3940 2332 3950 —
2352 3930 2398 3972 q.
2422 3918 2531 3960 Ass.

392 3991 448 4031 ul
471 3990 519 4031 et
547 3986 675 4043 ipsa.
699 4010 753 4020 -
779 4000 819 4032 r.
850 3988 964 4032 Luc.
990 3996 1035 4032 et
1060 3988 1170 4033 Pad.
1196 3989 1407 4045 vesliqia
1435 4002 1665 4046 sequens.
1690 4013 1743 4023 —
1771 4003 1812 4035 3.
1838 3990 1971 4033 Paris
2002 3988 2248 4034 scabellis.

460 4178 505 4224 1.
531 4175 852 4227 Scanellum
882 4192 951 4227 ou
981 4179 1301 4229 scamellum
1326 4193 1338 4229 ε
1368 4180 1506 4243 petit
1544 4179 1819 4229 escabeau
1859 4178 1993 4229 dont
2023 4192 2084 4228 se
2125 4180 2365 4238 servent,
2397 4191 2537 4241 pour

395 4269 655 4315 avancer,
688 4272 757 4307 en
802 4271 864 4308 se
896 4259 1141 4308 trainant
1170 4272 1264 4308 sur
1296 4259 1345 4309 le
1374 4260 1477 4321 sol,
1512 4261 1590 4311 les
1626 4260 1936 4311 nlendiants
1966 4260 2239 4323 estropies
2272 4258 2368 4306 des
2389 4261 2532 4319 jam-

398 4335 519 4387 bes.
546 4364 606 4374 ·—
631 4338 715 4389 Cr.
752 4338 834 4388 Du
864 4338 1078 4399 Canos,
1114 4340 1476 4401 Glossarium,
1509 4344 1613 4391 etc.
