3109 4950
922 439 983 484 S.
1034 438 1324 485 Auronn
1372 439 1695 486 Luctum
1745 438 1987 500 eamn,
2038 420 2082 486 2
2484 421 2569 487 25

437 589 622 647 certe
671 592 701 622 α
776 578 1049 646 incauta
1121 578 1533 670 loquacitate
1609 578 1929 647 veritatis
1999 589 2220 648 metas
2298 579 2571 670 uspiam

437 686 825 754 excessisse
880 687 1332 776 perspexerit,
1379 709 1512 754 non
1561 710 1668 754 me
1713 686 2045 755 mendacii
2085 697 2203 754 aut
2244 686 2570 755 salsitatis

439 804 714 883 arguat,
770 792 935 884 quin
1002 792 1278 883 potius⁶
1345 793 1758 884 ignorantias
1816 805 1934 862 aut
2008 793 2335 862 oblivioni
2401 818 2569 863 meae

439 898 973 968 misericorditer
1000 900 1341 993 ignoscat.

438 1317 513 1379 2.
560 1317 665 1374 De
694 1315 1012 1375 civitate
1040 1315 1117 1374 in
1147 1328 1298 1388 qua
1323 1317 1553 1382 natus
1582 1315 1729 1375 fnit
1771 1317 2086 1375 sanctus
2123 1316 2489 1376 Antonius
2518 1324 2569 1375 ⁰.

536 1603 653 1670 1.d
700 1607 830 1671 Est
879 1627 1196 1694 namque,
1256 1614 1331 1670 ut
1389 1604 1674 1684 sertui-⁶,
1734 1603 1804 1671 in
1860 1626 2074 1695 regno
2128 1603 2573 1694 Portngalliae

442 1711 691 1777 civitas
722 1710 1059 1801 quaedam,
1094 1709 1180 1777 ad
1211 1710 1700 1778 occidentalem
1730 1711 1878 1800 ejus
1917 1710 2218 1801 plagam,
2247 1710 2316 1777 in
2351 1721 2576 1777 extre-

440 1817 572 1883 mis
629 1817 861 1884 mundi
929 1817 1178 1885 finibus
1247 1817 1405 1895 sita,
1471 1841 1623 1908 quae
1693 1817 1779 1885 ab
1835 1817 2077 1884 incolis
2147 1828 2575 1907 nuncupatur

443 1924 785 1994 Ulixbona
817 1925 881 2003 f,
916 1948 995 1991 eo
1036 1924 1241 2015 quod,
1277 1924 1455 1992 sicut
1489 1924 1702 2014 vulgo
1733 1923 2003 1999 dicitur,
2046 1924 2132 1991 ab
2169 1923 2364 1993 Ulixe
2403 1925 2575 1991 bene

443 2032 537 2099 sit
584 2031 881 2099 condita.
952 2034 1015 2098 2.
1063 2034 1152 2099 Et
1203 2030 1538 2110 Isidorus,
1595 2032 1666 2098 in
1720 2031 1895 2099 libro
1953 2031 2570 2122 Etymologiarum,

442 2139 527 2206 de
594 2138 830 2206 eadem
897 2138 1173 2206 civitate
1240 2138 1453 2205 dixit:
1517 2137 1903 2229 Olisipona‚
1964 2139 2160 2229 quasi
2219 2139 2307 2205 ab
2377 2138 2575 2205 Ulixe

442 2248 719 2336 posita;
784 2257 852 2313 et
909 2246 1283 2313 secundum
1339 2245 1518 2336 quod
1587 2245 2127 2337 historiographi
2180 2246 2435 2325 dicunt,
2481 2245 2574 2312 ibi

443 2353 708 2427 caelum,
742 2376 928 2419 mare
966 2352 1441 2443 distinguntur
1470 2376 1511 2419 a
1550 2352 1756 2420 terris
1785 2366 1845 2421 ὅ.

532 2464 599 2528 3.
654 2461 843 2527 Intra
880 2460 1073 2550 cujus
1104 2484 1334 2528 muros
1361 2459 1391 2502 '³
1430 2457 1720 2528 ecclesia
1757 2459 2067 2551 quaedam
2097 2459 2287 2528 mirae
2318 2459 2574 2552 magni-

441 2566 729 2653 tudinis,
764 2566 850 2634 ad
892 2566 1215 2634 honorem
1256 2567 1578 2659 gloriosae
1608 2563 1905 2658 virginis
1937 2567 2176 2635 Mariae
2217 2567 2573 2646 fabricata,

442 2673 783 2752 consistit,
825 2673 895 2740 in
942 2697 1077 2764 qna
1130 2675 1503 2765 pretiosum
1550 2673 1717 2741 illud
1783 2683 1852 2742 et
1901 2675 2081 2742 omni
2135 2676 2577 2743 veneratione

442 2780 727 2871 dignum
762 2780 947 2848 beati
977 2781 1320 2850 Vincentii
1360 2782 1688 2874 martyris
1731 2806 1978 2872 corpus
2012 2781 2376 2849 honorifice
2418 2807 2580 2850 con·-

443 2888 661 2955 ditnm
727 2887 1118 2977 requiescit.
1198 2891 1264 2955 4.
1328 2886 1436 2954 Ad
1499 2889 1694 2979 cujus
1748 2889 2023 2979 plagam
2086 2889 2577 2956 occidentalem

443 2994 676 3061 felices
758 2993 941 3062 beati
1012 2994 1294 3062 Antonii
1369 2995 1848 3085 progenitores
1899 2997 1946 3076 ¹,
2028 2994 2314 3087 dignum
2380 2996 2580 3086 juxta

500 3267 545 3298 a.
572 3254 707 3298 Paris
743 3257 897 3299 certa.
922 3277 975 3286 —-
996 3255 1040 3299 b.
1068 3254 1201 3299 Paris
1225 3254 1465 3299 oblivioni
1490 3257 1577 3298 aut
1597 3253 1893 3309 ianorantioe
1918 3254 2320 3299 misericorditer
2340 3255 2580 3310 iqnoscat.

448 3348 499 3358 —
524 3338 567 3370 c.
602 3326 677 3369 Au
719 3327 811 3369 lien
854 3327 910 3370 de
940 3335 1056 3370 cette
1077 3327 1306 3382 rubrique,
1333 3325 1447 3369 Luc.
1477 3326 1668 3382 Incipit
1697 3326 1802 3370 vita
1831 3325 1960 3370 beati
1987 3327 2214 3370 Antonii.
2249 3326 2363 3370 Pad.
2394 3336 2438 3370 et
2469 3327 2578 3371 Nat.

451 3397 581 3442 14:563
608 3399 677 3441 De
705 3398 907 3442 ciuitate
930 3397 1059 3440 beati
1079 3397 1304 3441 Antonii.
1330 3397 1464 3441 Paris
1494 3397 1718 3454 Explicit
1738 3398 1997 3454 proleque.
2021 3397 2204 3453 Incipit
2231 3399 2436 3452 leyenda
2464 3399 2580 3441 bea-

450 3468 635 3512 tissimi
672 3469 836 3524 patris
874 3468 1173 3512 Antonii.—
1198 3469 1246 3512 d.
1274 3468 1341 3512 Le
1367 3480 1451 3512 ms.
1491 3469 1812 3523 fragmeniaire
1849 3471 1927 3513 293
1962 3469 2231 3511 d'Alcobaza
2265 3481 2523 3512 commence
2556 3468 2582 3511 a

449 3552 525 3583 ces
550 3551 684 3591 mois,
704 3550 749 3583 et
767 3552 823 3583 en
857 3552 1010 3594 mai-ge
1042 3552 1099 3582 on
1133 3539 1189 3583 lii
1220 3556 1229 3582 :
1262 3539 1449 3594 Incipit
1470 3540 1574 3583 vita
1604 3540 1732 3584 beati
1761 3539 1973 3584 Antonii
1997 3539 2302 3593 confessoris
2328 3541 2389 3584 dc
2407 3541 2583 3585 ordine

452 3611 691 3655 Fratrum
728 3610 1005 3655 minorum.
1044 3611 1112 3654 Li
1155 3623 1414 3654 commence
1440 3611 1565 3654 aussi
1591 3612 1634 3654 le
1657 3621 1777 3655 texte
1801 3611 1883 3654 des
1918 3612 2071 3666 lecons
2108 3611 2168 3654 du
2207 3610 2439 3654 Breviaire
2481 3624 2582 3654 ma-

449 3684 623 3725 nustrit
640 3682 872 3736 d'Assise,
891 3682 1127 3737 reproduit
1156 3694 1234 3736 par
1261 3682 1530 3736 Azzoguidi.
1555 3704 1607 3714 -
1627 3695 1667 3725 e.
1695 3681 1828 3734 Luc„
1856 3681 1983 3733 Pad„
2013 3681 2145 3725 Paris
2169 3687 2224 3726 ut
2245 3683 2442 3738 seruum
2471 3684 2579 3726 Ass.

449 3756 519 3797 est
540 3756 595 3798 ut
615 3754 802 3808 serunt.
823 3776 878 3785 —
902 3753 938 3807 r.
966 3752 1100 3796 Paris
1126 3753 1371 3797 Ulixbona
1392 3756 1736 3809 nuncupatur.
1755 3776 1808 3785 —
1825 3767 1872 3808 9.
1894 3753 1998 3796 Alc,
2020 3753 2115 3804 293,
2141 3751 2276 3806 Luc,
2303 3753 2432 3806 Pnd„
2452 3753 2584 3797 Paris

448 3837 535 3869 om.
559 3826 601 3868 la
631 3826 796 3880 phrase
820 3825 885 3869 Et
918 3824 1181 3869 Isidorus..
1214 3836 1241 3868 a
1273 3824 1438 3868 terris.
1470 3846 1523 3856 —
1556 3826 1605 3869 h.
1633 3824 1746 3869 Luc.
1775 3823 1909 3868 intra
1935 3835 2109 3868 muros
2151 3826 2312 3880 cnjus.

512 4054 556 4100 1.
588 4050 694 4101 Les
716 4048 1128 4113 hagiographes
1145 4049 1483 4113 posterieurs
1504 4048 1537 4098 a
1560 4048 1614 4098 la
1633 4049 2022 4108 Renaissance‚
2043 4049 2192 4099 Marc
2213 4048 2280 4098 de
2306 4048 2580 4100 Lisbonne

451 4131 690 4192 (Cliton,
709 4129 805 4180 lib.
825 4130 946 4192 IV),
962 4128 1214 4178 Azevedo
1228 4131 1243 4190 (
1257 4128 1381 4180 Vita
1403 4128 1464 4178 di
1481 4128 1535 4179 S.
1550 4129 1698 4190 Ant„
1713 4130 2151 4190 Bologne‚1790),
2169 4129 2417 4179 Pacheco
2437 4129 2583 4194 (Epi-

450 4215 586 4261 tome
607 4210 671 4261 de
693 4211 749 4261 la
772 4208 908 4260 vida
929 4208 996 4258 de
1019 4208 1074 4260 S.
1103 4209 1248 4270 Ant„
1280 4206 1513 4269 Madrid‚
1546 4210 1708 4272 1647),
1731 4208 1978 4259 Cardoso
1996 4209 2305 4275 (Agiologio
2319 4210 2579 4272 lusitano,

449 4294 486 4343 t.
505 4292 602 4353 111,
638 4290 940 4350 Lisbonne,
963 4290 1124 4354 1666),
1155 4293 1280 4352 etc„
1310 4291 1406 4340 ont
1435 4291 1657 4341 entasse
1685 4290 1766 4340 les
1798 4289 2130 4355 hypotheses
2159 4290 2240 4340 les
2271 4289 2396 4355 plus
2426 4290 2577 4343 inco·
