3109 4950
820 424 881 470 S.
934 423 1223 471 Ana-0⁸11
1273 424 1595 471 Laesum
1649 430 1682 465 «
1728 424 2149 473 sumemus
2193 432 2226 467 ι)
2455 408 2585 474 233

451 561 948 631 dormientibus
988 562 1392 631 mirabiliter
1435 564 1814 656 apparebat
1852 574 1920 632 et
1969 563 2058 632 ad
2097 575 2378 655 peccata
2427 588 2587 633 con-

448 669 779 737 fitendum
817 670 1078 738 occulta
1120 671 1499 740 consultius
1529 671 2090 753 transmittebat3
2134 671 2377 762 pedem
2403 683 2585 740 trun-

450 787 675 843 catum
708 801 831 867 per
870 777 1332 868 ignorantiam
1372 777 1653 846 mirifice
1687 778 2070 861 solidabat3
2115 789 2485 870 tyrannum
2514 779 2586 847 in

452 884 718 974 fulgore
748 883 978 952 vultus
1008 884 1288 953 terrifici
1321 884 1691 953 durissime
1722 886 2083 977 arguebat,
2120 909 2329 977 seque
2359 885 2583 976 ipsum

450 990 768 1058 omnibus
808 990 1217 1082 gratiosum,
1251 1002 1328 1059 ut
1365 1016 1484 1060 eos
1527 992 1617 1061 ad
1654 992 1905 1061 bonum
1947 992 2274 1075 alliceret,
2314 1016 2583 1084 semper

451 1121 575 1188 pro
612 1096 903 1181 viribuS,
938 1097 1399 1189 impendebat.

1452 1399 1571 1498 Ρ,

541 1690 601 1753 1.
646 1685 905 1753 Eodem
950 1683 1058 1753 die
1110 1684 1544 1753 dormitionis
1586 1684 1758 1776 ejuS‚
1803 1683 2309 1752 famosissimus
2364 1708 2580 1776 quon-

448 1793 603 1860 dam
665 1794 775 1860 ille
829 1793 1047 1861 abbas
1089 1792 1576 1878 Vercellensi3‚
1611 1791 1865 1859 divinis
1921 1791 2227 1859 intentus
2289 1791 2577 1860 medita-

447 1901 749 1968 tionibus
826 1899 1180 1990 sacrisque
1246 1910 1619 1989 occupatus
1685 1898 2120 1980 lectionibus,
2172 1908 2319 1965 erat
2389 1899 2577 1967 solus

452 2007 763 2074 reclusus
821 2007 891 2074 in
952 2029 1244 2074 camera.
1304 2010 1370 2074 2.
1427 2008 1648 2093 Quem
1704 2005 1813 2073 vir
1871 2005 2021 2084 Dei,
2069 2005 2229 2073 dum
2284 2006 2573 2086 viveret,

451 2114 813 2182 dilectione
863 2113 1231 2204 praecipua,
1266 2123 1335 2181 et
1386 2137 1421 2180 e
1475 2136 1834 2194 converso,
1882 2113 2011 2181 fuit
2057 2113 2292 2180 intime
2339 2137 2577 2203 prose-

446 2231 667 2303 cutuS,
712 2220 1144 2312 potissimum
1188 2244 1271 2287 ex
1322 2244 1401 2287 eo
1454 2220 1637 2310 quod
1678 2220 1786 2287 vir
1832 2229 2115 2287 sanctus
2169 2220 2575 2311 quandoque

443 2326 893 2418 perdocuerat
941 2341 1142 2394 euma
1201 2350 1416 2395 sacrae
1469 2326 1834 2417 theologia}
1901 2326 2259 2394 scientiam
2325 2337 2393 2394 et
2435 2326 2571 2404 ille,

441 2459 648 2503 versa
699 2435 873 2515 vice,
929 2434 1255 2503 librorum
1314 2434 1534 2503 sancti
1598 2434 1916 2527 Dionysii
1967 2433 2294 2525 dogmata
2350 2433 2575 2525 ipsum

443 2542 867 2611 instruxerat
905 2541 1245 2610 altissima
1284 2551 1351 2609 et
1388 2541 1660 2609 devota.
1704 2546 1768 2610 3.
1818 2545 1919 2610 De
1958 2541 2136 2633 quob
2168 2542 2311 2632 jam
2351 2541 2574 2609 dictus

443 2649 659 2718 abbas
709 2649 914 2717 etiam
970 2648 1157 2730 alibi,
1204 2649 1275 2716 in
1316 2672 1441 2716 suo
1499 2659 1879 2717 commento
1908 2662 1959 2730 ⁶,
2004 2649 2574 2717 excellentissime

440 2756 667 2848 ipsum
706 2755 1217 2839 commendans,
1259 2756 1728 2847 proloquitur:
1769 2760 2033 2836 Frater,
2078 2756 2322 2847 inquit,
2365 2757 2574 2824 Anto·

445 2864 624 2944 nius,
688 2862 949 2931 ordinis
1015 2863 1359 2933 Minorum
1425 2867 1771 2943 Fratrum,
1828 2863 1911 2930 de
1967 2887 2156 2954 purae
2210 2863 2572 2955 theologiae

445 2995 652 3039 sensu
708 2970 1001 3062 mystico
1057 2970 1289 3039 hausit
1335 2970 1759 3062 plenissime,
1829 2970 2041 3037 divini
2099 2970 2273 3037 radii
2346 2970 2574 3061 gratia

442 3077 926 3168 perlustratus,
975 3080 1040 3146 4.
1086 3079 1310 3165 Quam
1346 3078 1650 3168 profecto
1689 3100 2029 3145 cameram
2086 3077 2378 3144 famulus
2433 3081 2573 3146 Do-

495 3312 540 3345 a.
582 3300 728 3345 Notre
754 3300 844 3344 ΜΒ.
871 3313 962 3345 om.
987 3314 1038 3344 ce
1063 3302 1172 3354 mot,
1199 3298 1347 3344 donne
1382 3313 1462 3356 par
1496 3301 1567 3344 les
1589 3300 1846 3344 additions
1872 3301 1927 3343 de
1955 3300 2161 3344 Lucet-nc
2186 3300 2301 3356 (Ad.
2329 3300 2379 3344 11
2407 3312 2457 3343 n·
2476 3300 2570 3356 30.)

440 3395 494 3406 —
518 3372 564 3416 b.
582 3372 727 3417 Texta
770 3383 888 3428 qua.
908 3396 960 3405 —
980 3385 1023 3417 c.
1046 3373 1190 3417 'l'exte
1213 3376 1480 3418 conventu.

502 3562 549 3610 1.
587 3559 665 3611 Ce
694 3560 985 3622 fragment,
1012 3559 1152 3610 dans
1178 3564 1335 3612 notre
1378 3560 1501 3620 MS„
1536 3562 1624 3610 est
1663 3559 1898 3624 precede
1930 3558 1998 3610 de
2038 3560 2093 3610 la
2122 3559 2283 3611 lettre
2309 3560 2380 3621 P;
2427 3560 2567 3610 mais

440 3640 490 3690 le
521 3640 736 3705 copiste
766 3654 799 3689 a
824 3639 1029 3701 oublie,
1060 3653 1162 3705 par
1186 3640 1431 3702 ailleurs,
1461 3640 1530 3690 de
1560 3652 1821 3704 mar-quer
1844 3639 1912 3690 de
1942 3641 1996 3690 la
2027 3641 2200 3690 meme
2238 3640 2400 3691 lettre
2435 3641 2568 3690 l'en-

438 3720 586 3771 droit
610 3720 679 3771 de
708 3720 765 3770 la
792 3720 1027 3786 legenda
1040 3721 1227 3786 prima
1254 3720 1455 3786 auquel
1483 3720 1517 3770 il
1548 3719 1739 3771 devait
1766 3721 1882 3770 etre
1909 3722 2186 3785 rapporte.
2216 3720 2320 3770 Cet
2351 3719 2570 3771 endroit

439 3803 525 3851 est
566 3800 937 3852 evidemment
965 3800 1020 3850 la
1047 3801 1124 3851 ssn
1163 3800 1238 3851 du
1281 3800 1531 3864 chapitre
1563 3813 1575 3848 :
1622 3800 1704 3850 De
1736 3800 1979 3851 transitu
2023 3800 2171 3852 beati
2213 3800 2440 3851 Antonii
2478 3801 2565 3862 (V.

439 3894 640 3946 supra:
672 3880 803 3947 Leg.
827 3880 1029 3946 prima,
1058 3884 1135 3944 17,
1167 3890 1244 3931 n··
1277 3881 1458 3946 16-18),
1491 3881 1587 3946 qui
1626 3883 1851 3931 raconte
1881 3880 1935 3931 la
1968 3882 2110 3931 mort
2148 3880 2225 3930 du
2254 3896 2279 3927 α
2312 3881 2566 3931 thauma-

440 3964 597 4025 turge
626 3978 674 4010 ».
706 3962 860 4012 Dans
888 3961 969 4011 les
1000 3975 1174 4026 pagos
1213 3962 1576 4026 precedentes
1619 3960 1688 4010 de
1719 3961 1773 4010 la
1810 3961 2040 4024 legende
2070 3960 2416 4026 Benignitas,
2459 3975 2567 4026 que

439 4042 489 4092 le
519 4043 734 4107 copiste
772 4056 806 4091 a
848 4041 1051 4091 omises
1090 4055 1302 4092 comme
1337 4042 1543 4092 faisant
1580 4041 1786 4092 double
1826 4041 2029 4105 emploi
2069 4054 2204 4091 avec
2246 4040 2299 4090 la
2334 4041 2566 4106 legenda

436 4122 638 4187 prima,
667 4121 925 4172 devaient
953 4123 1068 4172 etre
1099 4122 1334 4173 relatees
1354 4122 1410 4172 13
1437 4135 1616 4172 venue
1644 4120 1716 4171 du
1748 4121 1895 4171 saint
1922 4122 1954 4171 a
1986 4121 2210 4170 Padoue
2238 4124 2294 4171 et
2321 4134 2410 4170 ses
2439 4120 2565 4171 der-

438 4203 620 4252 nieres
646 4201 1022 4266 predicatione,
1051 4201 1193 4252 dans
1223 4204 1366 4252 cette
1396 4202 1543 4262 ville,
1575 4215 1638 4252 sa
1669 4202 1893 4252 retralte
1926 4202 1960 4251 3
1990 4201 2483 4265 Camposampiero
2511 4204 2567 4252 et

441 4296 503 4333 sa
528 4285 674 4334 mort
700 4284 735 4333 a
764 4282 1042 4333 l’Arcella.
