3109 4950
576 405 665 472 66
1040 424 1099 470 s,
1153 424 1442 471 An‘romi
1491 402 1816 471 Leonum
1864 424 2105 486 rmum,
2158 405 2244 472 23

575 562 798 667 lpcum
862 562 979 631 ubi
1044 563 1230 631 beati
1283 563 1566 631 Antonii
1618 577 1880 656 corpus
1941 562 2311 654 requiescit
2378 563 2708 632 custodiri

575 669 870 738 saciatiS.

576 978 696 1038 23.
731 979 836 1036 De
894 977 1274 1038 sententia.
1317 991 1452 1049 pro
1496 977 1875 1037 fratribus
1915 977 2124 1037 laten
2142 979 2218 1036 et
2261 977 2513 1049 pontis
2542 991 2713 1037 con-

698 1085 1072 1145 fractione
1098 1080 1149 1145 b.

674 1326 732 1390 1.
789 1324 999 1390 Facta
1038 1332 1265 1389 autem
1321 1321 1431 1389 die
1492 1321 1698 1389 tertia
1721 1334 1772 1402 ⁶,
1832 1321 2080 1390 videns
2120 1321 2434 1390 minister
2482 1321 2642 1412 quia
2673 1320 2710 1364 ‘¹

578 1439 925 1497 tantorum
969 1439 1039 1496 et
1074 1428 1311 1496 talium
1359 1427 1700 1496 voluntati
1751 1429 2075 1496 resistere
2121 1428 2248 1496 soli
2303 1428 2484 1497 sibie
2535 1429 2711 1495 foret

578 1536 871 1625 difficile,
923 1536 1215 1604 maxime
1264 1535 1425 1626 quia
1473 1535 1974 1604 multitudinem
2032 1535 2301 1604 causas
2347 1535 2704 1627 tangebat,

578 1653 989 1734 potestatem
1046 1642 1347 1711 civitatis
1405 1643 1577 1711 adiit
1623 1665 1725 1730 ac,
1777 1653 2151 1711 convocato
2202 1642 2709 1711 communitatis

578 1750 887 1832 concilio,
921 1750 1010 1818 ab
1047 1750 1146 1818 eis
1188 1751 1547 1819 consilium
1581 1750 1841 1841 pariter
1872 1761 1939 1818 et
1968 1750 2291 1818 auxilium
2314 1763 2352 1807 ὅ
2385 1749 2711 1840 supplici·

577 1868 682 1925 ter
735 1857 1135 1949 postulavit.
1169 1861 1235 1925 2.
1285 1860 1608 1925 Potestas
1661 1881 1853 1937 ver0‚
1899 1857 1983 1925 de
2024 1857 2361 1925 communi
2411 1855 2710 1924 omnium

577 1965 956 2047 voluntate,
989 1964 1211 2032 locum
1241 1965 1357 2032 ubi
1399 1988 1670 2032 sacrum
1694 1965 1727 2009 ἢ
1770 1987 2017 2055 corpus
2052 1964 2328 2055 jacebat
2379 1962 2713 2031 custodiri

571 2071 824 2162 jussiti
862 2094 942 2139 ac
982 2095 1064 2139 ne
1097 2071 1251 2163 quis
1283 2071 1615 2140 fratribus
1656 2070 2050 2151 violentiam
2092 2072 2370 2152 faceret,
2426 2069 2548 2138 sed
2589 2094 2714 2137 nec

580 2178 666 2246 ad
718 2178 940 2246 locum
992 2201 1183 2246 arma
1234 2188 1566 2268 portaret,
1617 2179 1745 2245 sub
1785 2201 1985 2268 poena
2034 2178 2362 2246 librarum
2413 2187 2708 2256 centum,

577 2285 948 2375 prohibuit,
992 2308 1346 2376 quousque
1387 2309 1507 2376 per
1545 2284 1847 2352 civitatis
1878 2285 2274 2376 episcopum
2312 2295 2381 2352 et
2423 2283 2703 2364 clerum,

576 2390 665 2459 ad
703 2415 875 2483 quos
906 2391 1200 2460 factumj
1236 2392 1620 2484 spectabat,
1653 2392 1813 2484 quid
1847 2392 2026 2484 juris
2067 2402 2484 2460 statueretur
2514 2415 2706 2459 cons·

578 2509 779 2567 taret.
816 2503 881 2568 3.
917 2500 1183 2588 Quarta
1219 2500 1436 2592 igitur
1474 2500 1584 2567 die
1623 2511 1785 2591 post
1834 2510 2121 2567 mortem
2160 2500 2345 2568 beati
2395 2499 2703 2581 Antonii,

578 2606 942 2698 episcopus
1006 2659 1022 2688 ‚
1052 2617 1424 2674 convocato
1455 2608 1760 2675 civitatis
1785 2607 1989 2687 clero,
2026 2630 2175 2675 cum
2207 2606 2306 2674 eis
2348 2606 2707 2674 consilium

576 2713 729 2780 iniit
767 2724 833 2781 et
870 2713 953 2781 de
994 2714 1505 2782 conservanda¹
1543 2737 1711 2805 pace
1759 2715 2007 2782 civium
2052 2737 2131 2781 ac
2173 2714 2505 2782 salvando
2550 2714 2708 2805 jure

578 2820 862 2887 fratrum
903 2819 1194 2888 fideliter
1231 2844 1311 2889 ac
1352 2821 1712 2889 sinceriter
1748 2832 2047 2890 tractare
2086 2820 2313 2912 coepit.
2351 2823 2417 2888 4.
2457 2821 2709 2912 Requi-

580 2926 714 2994 sita
752 2926 1042 3018 denique
1072 2928 1413 2996 seniorum
1448 2952 1527 2997 ac
1560 2928 1970 3019 sapientium
1999 2952 2121 3019 per
2150 2927 2454 2996 ordinem
2478 2941 2523 2971 '¹‘
2551 2951 2709 2995 sen-

576 3034 816 3113 tentia,
862 3057 1071 3123 super
1127 3059 1351 3103 causae
1414 3035 1805 3125 cognitione
1832 3049 1862 3079 '²
1904 3035 2279 3126 processit;
2340 3034 2488 3113 scd,
2533 3035 2709 3102 sicut

579 3150 781 3206 antea
812 3140 957 3230 jam
993 3141 1287 3209 diximus
1310 3157 1366 3223 ⁰,
1423 3143 1719 3233 majores
1758 3166 1988 3209 eorum
2018 3142 2335 3232 precibus
2383 3142 2708 3209 Domina·

576 3270 724 3313 rum
756 3259 1144 3337 praeventos
1185 3259 1253 3315 et
1289 3249 1360 3315 in
1399 3272 1631 3316 earum
1664 3258 1926 3340 partem
1965 3248 2386 3316 declinantes
2416 3248 2701 3316 invenit.

577 3357 642 3420 5.
714 3354 1123 3445 Exsurgens
1189 3355 1463 3445 igiturl’
1513 3355 1824 3423 minister
1888 3355 1970 3423 de
2022 3355 2245 3423 medio
2302 3355 2586 3423 fratrum
2639 3365 2707 3423 et

575 3482 780 3527 manu
808 3460 1154 3528 silentium
1183 3461 1518 3545 indicem,
1553 3461 1695 3530 ait:
1741 3465 1892 3530 Non
1932 3463 2106 3530 satis
2146 3486 2365 3554 aequa,
2407 3473 2484 3530 ut
2522 3462 2707 3530 arbi-

572 3576 719 3634 tror
740 3581 795 3646 q,
831 3567 1072 3658 judicii
1120 3569 1338 3649 lance,
1398 3569 1594 3637 salva
1649 3570 1979 3660 majorum
2028 3594 2220 3661 pace,
2256 3570 2599 3660 justitiam
2638 3580 2706 3638 et

574 3674 1111 3743 misericordiam
1206 3675 1588 3766 ponderant
1674 3676 1816 3767 qui,
1900 3687 2190 3768 utraque
2268 3676 2705 3745 discretionis

623 3873 669 3906 a.
692 3862 796 3905 Alc.
818 3862 899 3909 286
917 3872 965 3906 et
982 3862 1089 3908 Alc.
1110 3862 1191 3909 293
1220 3863 1353 3909 data.
1374 3885 1427 3896 —
1456 3863 1499 3908 b.
1528 3863 1643 3907 Pad.
1664 3875 1753 3907 om.
1780 3867 1828 3907 et
1852 3863 2024 3920 pontis
2053 3864 2415 3920 confractione.
2449 3864 2587 3908 Paris
2615 3876 2706 3909 om.

571 3932 614 3976 lc
634 3933 739 3976 titre
763 3946 818 3977 en
844 3935 1005 3979 entier.
1026 3958 1078 3967 —
1107 3946 1148 3978 c.
1173 3934 1310 3978 Paris
1341 3935 1485 3980 terna
1506 3935 1604 3979 die.
1628 3958 1682 3967 —
1710 3935 1759 3979 d.
1784 3934 1918 3978 Paris
1943 3936 2094 3990 quod.
2115 3960 2167 3969 —
2197 3948 2237 3980 e.
2263 3935 2394 3987 Luc..
2419 3935 2552 3989 Pad„
2574 3935 2711 3979 Paris

570 4004 667 4047 sibi
689 4003 800 4048 soli.
821 4029 874 4037 —
894 4006 929 4061 Γ.
959 4006 1066 4050 Nat.
1091 4006 1221 4051 14363
1241 4017 1465 4051 causam.
1488 4028 1542 4039 -
1561 4018 1607 4061 9.
1631 4006 1765 4050 Paris
1787 4007 2063 4051 consilinm
2085 4010 2130 4051 et
2156 4007 2406 4051 auxilium
2425 4007 2637 4062 puriter.
2656 4029 2711 4040 -

572 4075 620 4119 Ιι.
646 4075 778 4119 Paris
800 4080 1076 4122 sacratum.
1103 4099 1156 4109 —
1191 4077 1221 4121 ἰ.
1246 4078 1349 4121 Alc.
1384 4077 1464 4123 ‘286
1496 4076 1634 4133 [ecit.
1660 4100 1714 4110 —
1737 4077 1779 4131 j.
1811 4076 1953 4120 Paris
1985 4078 2268 4133 neqocium.
2293 4100 2347 4111 -
2381 4077 2425 4121 k.
2455 4077 2590 4121 Paris
2617 4090 2708 4123 om.

571 4147 853 4204 episcopus.
887 4170 941 4181 -
975 4148 1006 4192 l.
1046 4147 1158 4193 Pnd.
1197 4148 1524 4193 observanda.
1554 4172 1607 4181 —
1639 4160 1705 4193 m.
1731 4149 1865 4193 Paris
1891 4161 1980 4193 om.
2017 4162 2113 4205 per
2148 4150 2395 4194 ordinem.
2434 4171 2489 4183 —-
2519 4162 2568 4193 n.
2593 4149 2708 4194 Luc.

572 4219 929 4273 comunionem.
962 4241 1016 4252 -
1048 4231 1093 4264 o.
1119 4219 1232 4265 Luc.
1254 4222 1401 4264 antea
1424 4220 1665 4265 diximus.
1690 4219 1824 4264 Paris
1855 4223 1972 4266 ante
2001 4221 2241 4267 diximus.
2268 4243 2320 4256 -
2345 4234 2398 4278 p.
2419 4220 2536 4266 Luc.
2572 4232 2708 4277 eryo.

570 4312 624 4321 —
653 4302 698 4344 q.
726 4290 861 4334 Paris
894 4302 995 4335 non
1026 4291 1165 4346 satia,
1199 4295 1255 4337 ut
1280 4292 1510 4345 arbitror,
1533 4303 1690 4348 aequa.
