<?xml version="1.0" encoding="UTF-8"?>
<!DOCTYPE html PUBLIC "-//W3C//DTD XHTML 1.0 Transitional//EN"
    "http://www.w3.org/TR/xhtml1/DTD/xhtml1-transitional.dtd">
<html xmlns="http://www.w3.org/1999/xhtml" xml:lang="en" lang="en">
 <head>
  <title>
</title>
<meta http-equiv="Content-Type" content="text/html;charset=utf-8" />
  <meta name='ocr-system' content='tesseract 3.04.00' />
  <meta name='ocr-capabilities' content='ocr_page ocr_carea ocr_par ocr_line ocrx_word'/>
</head>
<body>
  <div class='ocr_page' id='page_1' title='image "./sanctiantoniide01kervgoog_0115.png"; bbox 0 0 3109 4950; ppageno 0'>
   <div class='ocr_carea' id='block_1_1' title="bbox 880 421 2536 500">
    <p class='ocr_par' dir='ltr' id='par_1_1' title="bbox 880 421 2536 500">
     <span class='ocr_line' id='line_1_1' title="bbox 880 421 2536 500; baseline 0.001 -11"><span class='ocrx_word' id='word_1_1' title='bbox 880 443 940 489; x_wconf 82' lang='lat' dir='ltr'><strong>s,</strong></span> <span class='ocrx_word' id='word_1_2' title='bbox 993 441 1282 488; x_wconf 62' lang='lat' dir='ltr'><strong>Ani-olm</strong></span> <span class='ocrx_word' id='word_1_3' title='bbox 1330 440 1654 488; x_wconf 66' lang='lat' dir='ltr'><strong>mosum</strong></span> <span class='ocrx_word' id='word_1_4' title='bbox 1704 440 1944 500; x_wconf 43' lang='lat' dir='ltr'><strong>emuli,</strong></span> <span class='ocrx_word' id='word_1_5' title='bbox 1995 422 2078 489; x_wconf 86' lang='lat'><strong>31</strong></span> <span class='ocrx_word' id='word_1_6' title='bbox 2446 421 2536 490; x_wconf 83' lang='lat'><strong>87</strong></span> 
     </span>
    </p>
   </div>
   <div class='ocr_carea' id='block_1_2' title="bbox 392 579 2545 3563">
    <p class='ocr_par' dir='ltr' id='par_1_2' title="bbox 397 579 2538 864">
     <span class='ocr_line' id='line_1_2' title="bbox 397 579 2538 674; baseline -0 -24"><span class='ocrx_word' id='word_1_7' title='bbox 397 592 706 674; x_wconf 87' lang='lat' dir='ltr'><strong>tempore</strong></span> <span class='ocrx_word' id='word_1_8' title='bbox 772 605 1209 673; x_wconf 86' lang='lat' dir='ltr'><strong>permanens,</strong></span> <span class='ocrx_word' id='word_1_9' title='bbox 1277 580 1720 648; x_wconf 82' lang='lat' dir='ltr'><strong>vehementer</strong></span> <span class='ocrx_word' id='word_1_10' title='bbox 1786 579 2135 669; x_wconf 86' lang='lat' dir='ltr'><strong>sudasset,</strong></span> <span class='ocrx_word' id='word_1_11' title='bbox 2200 605 2240 649; x_wconf 93' lang='lat' dir='ltr'><strong>a</strong></span> <span class='ocrx_word' id='word_1_12' title='bbox 2306 592 2538 650; x_wconf 87' lang='lat' dir='ltr'><strong>custo-</strong></span> 
     </span>
     <span class='ocr_line' id='line_1_3' title="bbox 398 687 2534 780; baseline 0 -24"><span class='ocrx_word' id='word_1_13' title='bbox 398 690 602 757; x_wconf 88' lang='lat' dir='ltr'>dibus</span> <span class='ocrx_word' id='word_1_14' title='bbox 643 713 824 757; x_wconf 86' lang='lat' dir='ltr'><strong>arcae</strong></span> <span class='ocrx_word' id='word_1_15' title='bbox 863 688 1064 758; x_wconf 88' lang='lat' dir='ltr'><strong>matri</strong></span> <span class='ocrx_word' id='word_1_16' title='bbox 1096 688 1483 769; x_wconf 87' lang='lat' dir='ltr'><strong>restitutus,</strong></span> <span class='ocrx_word' id='word_1_17' title='bbox 1516 687 1746 756; x_wconf 86' lang='lat' dir='ltr'><strong>versis</strong></span> <span class='ocrx_word' id='word_1_18' title='bbox 1782 687 1869 756; x_wconf 90' lang='lat' dir='ltr'><strong>ad</strong></span> <span class='ocrx_word' id='word_1_19' title='bbox 1903 699 2154 756; x_wconf 88' lang='lat' dir='ltr'><strong>terram</strong></span> <span class='ocrx_word' id='word_1_20' title='bbox 2194 687 2449 780; x_wconf 89' lang='lat' dir='ltr'><strong>plantis</strong></span> <span class='ocrx_word' id='word_1_21' title='bbox 2475 703 2534 770; x_wconf 73' lang='lat'><strong>⁴²,</strong></span> 
     </span>
     <span class='ocr_line' id='line_1_4' title="bbox 401 794 946 864; baseline 0 0"><span class='ocrx_word' id='word_1_22' title='bbox 401 797 677 864; x_wconf 91' lang='lat' dir='ltr'><strong>domum</strong></span> <span class='ocrx_word' id='word_1_23' title='bbox 718 794 946 864; x_wconf 89' lang='lat' dir='ltr'><strong>rediit.</strong></span> 
     </span>
    </p>

    <p class='ocr_par' dir='ltr' id='par_1_3' title="bbox 392 902 2542 3028">
     <span class='ocr_line' id='line_1_5' title="bbox 490 902 2537 994; baseline 0 -23"><span class='ocrx_word' id='word_1_24' title='bbox 490 906 599 971; x_wconf 88' lang='lat'><strong>22.</strong></span> <span class='ocrx_word' id='word_1_25' title='bbox 644 902 928 970; x_wconf 78' lang='lat' dir='ltr'><strong>Puella⁶</strong></span> <span class='ocrx_word' id='word_1_26' title='bbox 983 902 1320 993; x_wconf 74' lang='lat' dir='ltr'><strong>quaedam,</strong></span> <span class='ocrx_word' id='word_1_27' title='bbox 1382 902 1654 970; x_wconf 90' lang='lat' dir='ltr'><strong>nomine</strong></span> <span class='ocrx_word' id='word_1_28' title='bbox 1705 903 1972 994; x_wconf 76' lang='lat' dir='ltr'><strong>AgneS,</strong></span> <span class='ocrx_word' id='word_1_29' title='bbox 2027 902 2233 971; x_wconf 91' lang='lat' dir='ltr'><strong>trium</strong></span> <span class='ocrx_word' id='word_1_30' title='bbox 2275 903 2537 971; x_wconf 79' lang='lat' dir='ltr'><strong>serme⁶</strong></span> 
     </span>
     <span class='ocr_line' id='line_1_6' title="bbox 399 1009 2531 1101; baseline -0.001 -22"><span class='ocrx_word' id='word_1_31' title='bbox 399 1010 793 1079; x_wconf 67' lang='lat' dir='ltr'><strong>annorumd</strong></span> <span class='ocrx_word' id='word_1_32' title='bbox 859 1009 1084 1101; x_wconf 91' lang='lat' dir='ltr'><strong>spatio</strong></span> <span class='ocrx_word' id='word_1_33' title='bbox 1141 1009 1400 1079; x_wconf 76' lang='lat' dir='ltr'><strong>totius⁶</strong></span> <span class='ocrx_word' id='word_1_34' title='bbox 1465 1009 1774 1100; x_wconf 89' lang='lat' dir='ltr'><strong>corporis</strong></span> <span class='ocrx_word' id='word_1_35' title='bbox 1839 1009 2105 1077; x_wconf 88' lang='lat' dir='ltr'><strong>viribus</strong></span> <span class='ocrx_word' id='word_1_36' title='bbox 2173 1009 2531 1098; x_wconf 88' lang='lat' dir='ltr'><strong>destituta,</strong></span> 
     </span>
     <span class='ocr_line' id='line_1_7' title="bbox 400 1116 2531 1209; baseline -0 -23"><span class='ocrx_word' id='word_1_37' title='bbox 400 1116 841 1209; x_wconf 62' lang='lat' dir='ltr'><strong>aegritudine,</strong></span> <span class='ocrx_word' id='word_1_38' title='bbox 911 1141 1115 1208; x_wconf 89' lang='lat' dir='ltr'><strong>quam</strong></span> <span class='ocrx_word' id='word_1_39' title='bbox 1183 1127 1586 1207; x_wconf 89' lang='lat' dir='ltr'><strong>anatropam</strong></span> <span class='ocrx_word' id='word_1_40' title='bbox 1614 1117 1656 1174; x_wconf 84' lang='lat' dir='ltr'><em>s</em></span> <span class='ocrx_word' id='word_1_41' title='bbox 1682 1127 1958 1197; x_wconf 80' lang='lat' dir='ltr'><strong>vocant,</strong></span> <span class='ocrx_word' id='word_1_42' title='bbox 2038 1116 2398 1185; x_wconf 88' lang='lat' dir='ltr'><strong>laborabat</strong></span> <span class='ocrx_word' id='word_1_43' title='bbox 2461 1117 2531 1185; x_wconf 88' lang='lat' dir='ltr'><strong>in</strong></span> 
     </span>
     <span class='ocr_line' id='line_1_8' title="bbox 400 1223 2529 1316; baseline -0.001 -21"><span class='ocrx_word' id='word_1_44' title='bbox 400 1235 672 1295; x_wconf 85' lang='lat' dir='ltr'><strong>tantum</strong></span> <span class='ocrx_word' id='word_1_45' title='bbox 703 1235 779 1293; x_wconf 90' lang='lat' dir='ltr'><strong>ut</strong></span> <span class='ocrx_word' id='word_1_46' title='bbox 817 1224 1016 1316; x_wconf 90' lang='lat' dir='ltr'><strong>quasi</strong></span> <span class='ocrx_word' id='word_1_47' title='bbox 1071 1223 1334 1315; x_wconf 87' lang='lat' dir='ltr'><strong>lignum</strong></span> <span class='ocrx_word' id='word_1_48' title='bbox 1387 1223 1654 1292; x_wconf 89' lang='lat' dir='ltr'><strong>aridum</strong></span> <span class='ocrx_word' id='word_1_49' title='bbox 1703 1224 2064 1314; x_wconf 80' lang='lat' dir='ltr'><strong>langueret</strong></span> <span class='ocrx_word' id='word_1_50' title='bbox 2103 1224 2447 1293; x_wconf 87' lang='lat' dir='ltr'><strong>desiccata</strong></span> <span class='ocrx_word' id='word_1_51' title='bbox 2467 1239 2529 1293; x_wconf 70' lang='grc' dir='ltr'><strong>ὅ.</strong></span> 
     </span>
     <span class='ocr_line' id='line_1_9' title="bbox 402 1329 2537 1418; baseline 0 -18"><span class='ocrx_word' id='word_1_52' title='bbox 402 1336 515 1402; x_wconf 90' lang='grc'><strong>23.</strong></span> <span class='ocrx_word' id='word_1_53' title='bbox 580 1333 802 1418; x_wconf 88' lang='lat' dir='ltr'><strong>Quam</strong></span> <span class='ocrx_word' id='word_1_54' title='bbox 856 1330 990 1398; x_wconf 87' lang='lat' dir='ltr'><strong>cito</strong></span> <span class='ocrx_word' id='word_1_55' title='bbox 1040 1330 1218 1398; x_wconf 90' lang='lat' dir='ltr'><strong>enim</strong></span> <span class='ocrx_word' id='word_1_56' title='bbox 1275 1330 1498 1398; x_wconf 88' lang='lat' dir='ltr'><strong>cibum</strong></span> <span class='ocrx_word' id='word_1_57' title='bbox 1559 1341 1884 1412; x_wconf 79' lang='lat' dir='ltr'>sumeret,</span> <span class='ocrx_word' id='word_1_58' title='bbox 1928 1329 2108 1399; x_wconf 90' lang='lat' dir='ltr'><strong>illico</strong></span> <span class='ocrx_word' id='word_1_59' title='bbox 2147 1331 2426 1399; x_wconf 88' lang='lat' dir='ltr'><strong>crudum</strong></span> <span class='ocrx_word' id='word_1_60' title='bbox 2468 1343 2537 1400; x_wconf 92' lang='lat' dir='ltr'><strong>et</strong></span> 
     </span>
     <span class='ocr_line' id='line_1_10' title="bbox 402 1436 2534 1531; baseline 0 -25"><span class='ocrx_word' id='word_1_61' title='bbox 402 1439 679 1531; x_wconf 89' lang='lat' dir='ltr'><strong>penitus</strong></span> <span class='ocrx_word' id='word_1_62' title='bbox 735 1437 1157 1529; x_wconf 85' lang='lat' dir='ltr'><strong>indigestum</strong></span> <span class='ocrx_word' id='word_1_63' title='bbox 1186 1461 1307 1528; x_wconf 91' lang='lat' dir='ltr'><strong>per</strong></span> <span class='ocrx_word' id='word_1_64' title='bbox 1328 1461 1407 1504; x_wconf 94' lang='lat' dir='ltr'><strong>os</strong></span> <span class='ocrx_word' id='word_1_65' title='bbox 1428 1436 1459 1481; x_wconf 76' lang='lat'><strong>&#39;⁸</strong></span> <span class='ocrx_word' id='word_1_66' title='bbox 1488 1437 1864 1529; x_wconf 79' lang='lat' dir='ltr'><strong>reJiciebat.</strong></span> <span class='ocrx_word' id='word_1_67' title='bbox 1904 1439 1981 1505; x_wconf 88' lang='lat' dir='ltr'><strong>ln</strong></span> <span class='ocrx_word' id='word_1_68' title='bbox 2012 1449 2276 1507; x_wconf 90' lang='lat' dir='ltr'><strong>tantum</strong></span> <span class='ocrx_word' id='word_1_69' title='bbox 2307 1450 2534 1507; x_wconf 89' lang='lat' dir='ltr'><strong>autem</strong></span> 
     </span>
     <span class='ocr_line' id='line_1_11' title="bbox 392 1544 2534 1637; baseline 0 -24"><span class='ocrx_word' id='word_1_70' title='bbox 392 1547 540 1637; x_wconf 86' lang='lat' dir='ltr'><strong>jam</strong></span> <span class='ocrx_word' id='word_1_71' title='bbox 581 1544 859 1613; x_wconf 84' lang='lat' dir='ltr'>morbus</span> <span class='ocrx_word' id='word_1_72' title='bbox 887 1544 1348 1635; x_wconf 72' lang='lat' dir='ltr'><strong>praevaluerat</strong></span> <span class='ocrx_word' id='word_1_73' title='bbox 1374 1545 1395 1588; x_wconf 66' lang='grc' dir='ltr'><em>ἰ</em></span> <span class='ocrx_word' id='word_1_74' title='bbox 1430 1555 1530 1624; x_wconf 85' lang='lat' dir='ltr'><strong>ut,</strong></span> <span class='ocrx_word' id='word_1_75' title='bbox 1564 1569 1705 1636; x_wconf 86' lang='lat' dir='ltr'><strong>prae</strong></span> <span class='ocrx_word' id='word_1_76' title='bbox 1733 1544 2040 1613; x_wconf 76' lang='lat' dir='ltr'><strong>siccitate</strong></span> <span class='ocrx_word' id='word_1_77' title='bbox 2067 1545 2296 1626; x_wconf 89' lang='lat' dir='ltr'><strong>nimia,</strong></span> <span class='ocrx_word' id='word_1_78' title='bbox 2333 1546 2534 1613; x_wconf 86' lang='lat' dir='ltr'><strong>inter·</strong></span> 
     </span>
     <span class='ocr_line' id='line_1_12' title="bbox 399 1650 2536 1743; baseline -0 -22"><span class='ocrx_word' id='word_1_79' title='bbox 399 1654 594 1721; x_wconf 88' lang='lat' dir='ltr'><strong>cluso</strong></span> <span class='ocrx_word' id='word_1_80' title='bbox 632 1662 938 1743; x_wconf 84' lang='lat' dir='ltr'><strong>gutture,</strong></span> <span class='ocrx_word' id='word_1_81' title='bbox 971 1651 1088 1717; x_wconf 82' lang='lat' dir='ltr'><strong>vix</strong></span> <span class='ocrx_word' id='word_1_82' title='bbox 1119 1650 1408 1719; x_wconf 84' lang='lat' dir='ltr'><strong>salivam</strong></span> <span class='ocrx_word' id='word_1_83' title='bbox 1434 1651 1541 1719; x_wconf 84' lang='lat' dir='ltr'><strong>vel</strong></span> <span class='ocrx_word' id='word_1_84' title='bbox 1578 1652 1776 1719; x_wconf 91' lang='lat' dir='ltr'><strong>molle</strong></span> <span class='ocrx_word' id='word_1_85' title='bbox 1814 1650 2164 1743; x_wconf 88' lang='lat' dir='ltr'><strong>quidpiam</strong></span> <span class='ocrx_word' id='word_1_86' title='bbox 2196 1651 2536 1739; x_wconf 79' lang='lat' dir='ltr'><strong>deglutire</strong></span> 
     </span>
     <span class='ocr_line' id='line_1_13' title="bbox 398 1757 2537 1851; baseline -0.001 -23"><span class='ocrx_word' id='word_1_87' title='bbox 398 1769 666 1851; x_wconf 90' lang='lat' dir='ltr'><strong>posset.</strong></span> <span class='ocrx_word' id='word_1_88' title='bbox 711 1761 817 1825; x_wconf 85' lang='lat'><strong>24.</strong></span> <span class='ocrx_word' id='word_1_89' title='bbox 856 1757 965 1826; x_wconf 86' lang='lat' dir='ltr'><strong>Ad</strong></span> <span class='ocrx_word' id='word_1_90' title='bbox 1005 1780 1208 1849; x_wconf 88' lang='lat' dir='ltr'><strong>quam</strong></span> <span class='ocrx_word' id='word_1_91' title='bbox 1247 1781 1453 1849; x_wconf 90' lang='lat' dir='ltr'><strong>quum</strong></span> <span class='ocrx_word' id='word_1_92' title='bbox 1490 1758 1848 1826; x_wconf 82' lang='lat' dir='ltr'><strong>venissent</strong></span> <span class='ocrx_word' id='word_1_93' title='bbox 1895 1758 2163 1840; x_wconf 91' lang='lat' dir='ltr'><strong>medici,</strong></span> <span class='ocrx_word' id='word_1_94' title='bbox 2204 1769 2282 1826; x_wconf 87' lang='lat' dir='ltr'><strong>ut</strong></span> <span class='ocrx_word' id='word_1_95' title='bbox 2320 1758 2537 1826; x_wconf 90' lang='lat' dir='ltr'><strong>conti-</strong></span> 
     </span>
     <span class='ocr_line' id='line_1_14' title="bbox 403 1864 2534 1956; baseline -0.001 -21"><span class='ocrx_word' id='word_1_96' title='bbox 403 1890 613 1935; x_wconf 89' lang='lat' dir='ltr'><strong>nuum</strong></span> <span class='ocrx_word' id='word_1_97' title='bbox 641 1864 973 1934; x_wconf 81' lang='lat' dir='ltr'><strong>vomitum</strong></span> <span class='ocrx_word' id='word_1_98' title='bbox 1011 1864 1182 1932; x_wconf 88' lang='lat' dir='ltr'><strong>artis</strong></span> <span class='ocrx_word' id='word_1_99' title='bbox 1221 1864 1550 1933; x_wconf 86' lang='lat' dir='ltr'><strong>beneficio</strong></span> <span class='ocrx_word' id='word_1_100' title='bbox 1591 1865 2039 1956; x_wconf 82' lang='lat' dir='ltr'><strong>reprimerent</strong></span> <span class='ocrx_word' id='word_1_101' title='bbox 2078 1875 2146 1934; x_wconf 92' lang='lat' dir='ltr'><strong>et</strong></span> <span class='ocrx_word' id='word_1_102' title='bbox 2186 1865 2534 1933; x_wconf 84' lang='lat' dir='ltr'><strong>humorem</strong></span> 
     </span>
     <span class='ocr_line' id='line_1_15' title="bbox 400 1970 2537 2052; baseline -0.001 -10"><span class='ocrx_word' id='word_1_103' title='bbox 400 1972 785 2042; x_wconf 83' lang='lat' dir='ltr'><strong>naturalem</strong></span> <span class='ocrx_word' id='word_1_104' title='bbox 843 1970 1397 2052; x_wconf 57' lang='lat' dir='ltr'><strong>restaurarent),</strong></span> <span class='ocrx_word' id='word_1_105' title='bbox 1467 1971 1635 2039; x_wconf 88' lang='lat' dir='ltr'><strong>nihil</strong></span> <span class='ocrx_word' id='word_1_106' title='bbox 1701 1972 2010 2039; x_wconf 86' lang='lat' dir='ltr'><strong>valentes</strong></span> <span class='ocrx_word' id='word_1_107' title='bbox 2052 1995 2130 2039; x_wconf 87' lang='lat' dir='ltr'><strong>ac</strong></span> <span class='ocrx_word' id='word_1_108' title='bbox 2182 1971 2266 2039; x_wconf 90' lang='lat' dir='ltr'><strong>de</strong></span> <span class='ocrx_word' id='word_1_109' title='bbox 2317 1972 2537 2039; x_wconf 87' lang='lat' dir='ltr'><strong>salute</strong></span> 
     </span>
     <span class='ocr_line' id='line_1_16' title="bbox 402 2078 2536 2172; baseline -0.001 -23"><span class='ocrx_word' id='word_1_110' title='bbox 402 2083 553 2172; x_wconf 88' lang='lat' dir='ltr'><strong>ejus</strong></span> <span class='ocrx_word' id='word_1_111' title='bbox 620 2079 1071 2170; x_wconf 79' lang='lat' dir='ltr'><strong>desperantes</strong></span> <span class='ocrx_word' id='word_1_112' title='bbox 1138 2078 1549 2147; x_wconf 84' lang='lat' dir='ltr'><strong>recedebant</strong></span> <span class='ocrx_word' id='word_1_113' title='bbox 1573 2079 1625 2146; x_wconf 85' lang='lat'><strong>¹‘.</strong></span> <span class='ocrx_word' id='word_1_114' title='bbox 1679 2083 1787 2148; x_wconf 91' lang='lat'><strong>25.</strong></span> <span class='ocrx_word' id='word_1_115' title='bbox 1853 2082 2072 2146; x_wconf 89' lang='lat' dir='ltr'><strong>Ducta</strong></span> <span class='ocrx_word' id='word_1_116' title='bbox 2129 2078 2363 2169; x_wconf 83' lang='lat' dir='ltr'><strong>igitur,</strong></span> <span class='ocrx_word' id='word_1_117' title='bbox 2427 2078 2536 2147; x_wconf 91' lang='lat' dir='ltr'><strong>die</strong></span> 
     </span>
     <span class='ocr_line' id='line_1_17' title="bbox 402 2184 2536 2280; baseline -0.001 -25"><span class='ocrx_word' id='word_1_118' title='bbox 402 2187 701 2280; x_wconf 89' lang='lat' dir='ltr'><strong>quadam</strong></span> <span class='ocrx_word' id='word_1_119' title='bbox 730 2189 775 2267; x_wconf 63' lang='grc' dir='ltr'><strong>Ι,</strong></span> <span class='ocrx_word' id='word_1_120' title='bbox 809 2197 878 2254; x_wconf 91' lang='lat' dir='ltr'><strong>et</strong></span> <span class='ocrx_word' id='word_1_121' title='bbox 918 2209 1122 2277; x_wconf 89' lang='lat' dir='ltr'><strong>super</strong></span> <span class='ocrx_word' id='word_1_122' title='bbox 1153 2209 1384 2254; x_wconf 90' lang='lat' dir='ltr'><strong>arcam</strong></span> <span class='ocrx_word' id='word_1_123' title='bbox 1413 2185 1599 2254; x_wconf 86' lang='lat' dir='ltr'><strong>beati</strong></span> <span class='ocrx_word' id='word_1_124' title='bbox 1638 2184 1919 2253; x_wconf 85' lang='lat' dir='ltr'><strong>Antonii</strong></span> <span class='ocrx_word' id='word_1_125' title='bbox 1956 2184 2029 2252; x_wconf 90' lang='lat' dir='ltr'><strong>in</strong></span> <span class='ocrx_word' id='word_1_126' title='bbox 2060 2186 2367 2253; x_wconf 88' lang='lat' dir='ltr'><strong>oratione</strong></span> <span class='ocrx_word' id='word_1_127' title='bbox 2405 2186 2536 2253; x_wconf 90' lang='lat' dir='ltr'><strong>col-</strong></span> 
     </span>
     <span class='ocr_line' id='line_1_18' title="bbox 400 2271 2538 2384; baseline -0.001 -21"><span class='ocrx_word' id='word_1_128' title='bbox 400 2296 715 2372; x_wconf 73' lang='lat' dir='ltr'><strong>locatam,</strong></span> <span class='ocrx_word' id='word_1_129' title='bbox 759 2293 1052 2361; x_wconf 81' lang='lat' dir='ltr'><strong>maximo</strong></span> <span class='ocrx_word' id='word_1_130' title='bbox 1090 2293 1323 2362; x_wconf 91' lang='lat' dir='ltr'><strong>dolore</strong></span> <span class='ocrx_word' id='word_1_131' title='bbox 1366 2316 1523 2360; x_wconf 84' lang='lat' dir='ltr'><strong>mox</strong></span> <span class='ocrx_word' id='word_1_132' title='bbox 1562 2316 1683 2384; x_wconf 89' lang='lat' dir='ltr'><strong>per</strong></span> <span class='ocrx_word' id='word_1_133' title='bbox 1728 2271 1943 2361; x_wconf 82' lang='lat' dir='ltr'><strong>totuin</strong></span> <span class='ocrx_word' id='word_1_134' title='bbox 1985 2316 2234 2383; x_wconf 88' lang='lat' dir='ltr'><strong>corpus</strong></span> <span class='ocrx_word' id='word_1_135' title='bbox 2274 2316 2538 2383; x_wconf 86' lang='lat' dir='ltr'><strong>angus-</strong></span> 
     </span>
     <span class='ocr_line' id='line_1_19' title="bbox 403 2400 2536 2493; baseline -0.002 -22"><span class='ocrx_word' id='word_1_136' title='bbox 403 2403 604 2483; x_wconf 86' lang='lat' dir='ltr'><strong>tiata,</strong></span> <span class='ocrx_word' id='word_1_137' title='bbox 648 2400 850 2468; x_wconf 91' lang='lat' dir='ltr'><strong>morti</strong></span> <span class='ocrx_word' id='word_1_138' title='bbox 882 2400 1427 2493; x_wconf 86' lang='lat' dir='ltr'><strong>appropinquare</strong></span> <span class='ocrx_word' id='word_1_139' title='bbox 1447 2414 1477 2443; x_wconf 80' lang='lat'><strong>¹²</strong></span> <span class='ocrx_word' id='word_1_140' title='bbox 1510 2400 1665 2468; x_wconf 82' lang='lat' dir='ltr'><strong>visa</strong></span> <span class='ocrx_word' id='word_1_141' title='bbox 1697 2410 1826 2469; x_wconf 89' lang='lat' dir='ltr'><strong>est.</strong></span> <span class='ocrx_word' id='word_1_142' title='bbox 1863 2403 1972 2469; x_wconf 89' lang='lat'><strong>26.</strong></span> <span class='ocrx_word' id='word_1_143' title='bbox 2011 2400 2393 2469; x_wconf 86' lang='lat' dir='ltr'><strong>Recedente</strong></span> <span class='ocrx_word' id='word_1_144' title='bbox 2424 2423 2536 2467; x_wconf 89' lang='lat' dir='ltr'><strong>au-</strong></span> 
     </span>
     <span class='ocr_line' id='line_1_20' title="bbox 401 2508 2535 2600; baseline -0.002 -21"><span class='ocrx_word' id='word_1_145' title='bbox 401 2522 539 2579; x_wconf 90' lang='lat' dir='ltr'><strong>tem</strong></span> <span class='ocrx_word' id='word_1_146' title='bbox 578 2508 929 2600; x_wconf 89' lang='lat' dir='ltr'><strong>paululum</strong></span> <span class='ocrx_word' id='word_1_147' title='bbox 988 2508 1219 2576; x_wconf 90' lang='lat' dir='ltr'><strong>dolore</strong></span> <span class='ocrx_word' id='word_1_148' title='bbox 1260 2509 1375 2599; x_wconf 89' lang='lat' dir='ltr'><strong>qui</strong></span> <span class='ocrx_word' id='word_1_149' title='bbox 1416 2532 1567 2578; x_wconf 87' lang='lat' dir='ltr'><strong>earn</strong></span> <span class='ocrx_word' id='word_1_150' title='bbox 1607 2509 1985 2586; x_wconf 85' lang='lat' dir='ltr'><strong>invaserat,</strong></span> <span class='ocrx_word' id='word_1_151' title='bbox 2031 2519 2341 2588; x_wconf 83' lang='lat' dir='ltr'><strong>matrem,</strong></span> <span class='ocrx_word' id='word_1_152' title='bbox 2385 2532 2535 2599; x_wconf 84' lang='lat' dir='ltr'><strong>quae</strong></span> 
     </span>
     <span class='ocr_line' id='line_1_21' title="bbox 404 2614 2540 2708; baseline -0.001 -24"><span class='ocrx_word' id='word_1_153' title='bbox 404 2640 615 2708; x_wconf 89' lang='lat' dir='ltr'><strong>prope</strong></span> <span class='ocrx_word' id='word_1_154' title='bbox 676 2616 899 2683; x_wconf 89' lang='lat' dir='ltr'><strong>locum</strong></span> <span class='ocrx_word' id='word_1_155' title='bbox 947 2614 1209 2701; x_wconf 84' lang='lat' dir='ltr'><strong>aderat,</strong></span> <span class='ocrx_word' id='word_1_156' title='bbox 1243 2639 1528 2695; x_wconf 65' lang='lat' dir='ltr'><strong>vocam,</strong></span> <span class='ocrx_word' id='word_1_157' title='bbox 1563 2639 1806 2706; x_wconf 89' lang='lat' dir='ltr'><strong>panem</strong></span> <span class='ocrx_word' id='word_1_158' title='bbox 1835 2614 2182 2705; x_wconf 83' lang='lat' dir='ltr'><strong>integrum</strong></span> <span class='ocrx_word' id='word_1_159' title='bbox 2226 2639 2300 2683; x_wconf 90' lang='lat' dir='ltr'><strong>se</strong></span> <span class='ocrx_word' id='word_1_160' title='bbox 2333 2639 2540 2707; x_wconf 91' lang='lat' dir='ltr'><strong>posse</strong></span> 
     </span>
     <span class='ocr_line' id='line_1_22' title="bbox 403 2721 2542 2813; baseline -0.001 -22"><span class='ocrx_word' id='word_1_161' title='bbox 403 2722 746 2813; x_wconf 80' lang='lat' dir='ltr'><strong>deglutire</strong></span> <span class='ocrx_word' id='word_1_162' title='bbox 776 2721 1044 2791; x_wconf 89' lang='lat' dir='ltr'><strong>dicebat</strong></span> <span class='ocrx_word' id='word_1_163' title='bbox 1073 2747 1089 2804; x_wconf 89' lang='grc'>;</span> <span class='ocrx_word' id='word_1_164' title='bbox 1125 2732 1617 2813; x_wconf 87' lang='lat' dir='ltr'><strong>assumptaque</strong></span> <span class='ocrx_word' id='word_1_165' title='bbox 1657 2721 1935 2790; x_wconf 89' lang='lat' dir='ltr'><strong>tandem</strong></span> <span class='ocrx_word' id='word_1_166' title='bbox 1965 2721 2129 2803; x_wconf 86' lang='lat' dir='ltr'><strong>filia,</strong></span> <span class='ocrx_word' id='word_1_167' title='bbox 2173 2732 2388 2789; x_wconf 87' lang='lat' dir='ltr'><strong>mater</strong></span> <span class='ocrx_word' id='word_1_168' title='bbox 2418 2721 2542 2790; x_wconf 92' lang='lat' dir='ltr'><strong>do-</strong></span> 
     </span>
     <span class='ocr_line' id='line_1_23' title="bbox 404 2828 2541 2920; baseline -0.001 -22"><span class='ocrx_word' id='word_1_169' title='bbox 404 2854 587 2898; x_wconf 88' lang='lat' dir='ltr'><strong>mum</strong></span> <span class='ocrx_word' id='word_1_170' title='bbox 618 2828 821 2897; x_wconf 88' lang='lat' dir='ltr'><strong>rediit</strong></span> <span class='ocrx_word' id='word_1_171' title='bbox 852 2839 942 2907; x_wconf 85' lang='lat' dir='ltr'><strong>et,</strong></span> <span class='ocrx_word' id='word_1_172' title='bbox 977 2838 1241 2898; x_wconf 88' lang='lat' dir='ltr'><strong>retento</strong></span> <span class='ocrx_word' id='word_1_173' title='bbox 1272 2828 1507 2897; x_wconf 87' lang='lat' dir='ltr'><strong>statim</strong></span> <span class='ocrx_word' id='word_1_174' title='bbox 1538 2828 1715 2910; x_wconf 81' lang='lat' dir='ltr'><strong>cibo,</strong></span> <span class='ocrx_word' id='word_1_175' title='bbox 1758 2852 2008 2920; x_wconf 90' lang='lat' dir='ltr'><strong>corpus</strong></span> <span class='ocrx_word' id='word_1_176' title='bbox 2050 2829 2315 2897; x_wconf 89' lang='lat' dir='ltr'><strong>aridum</strong></span> <span class='ocrx_word' id='word_1_177' title='bbox 2344 2843 2373 2871; x_wconf 90' lang='lat'><em>⁰</em></span> <span class='ocrx_word' id='word_1_178' title='bbox 2415 2828 2541 2896; x_wconf 89' lang='lat' dir='ltr'><strong>hu-</strong></span> 
     </span>
     <span class='ocr_line' id='line_1_24' title="bbox 405 2936 1554 3028; baseline -0.003 -23"><span class='ocrx_word' id='word_1_179' title='bbox 405 2960 664 3005; x_wconf 89' lang='lat' dir='ltr'><strong>morem</strong></span> <span class='ocrx_word' id='word_1_180' title='bbox 704 2936 1070 3028; x_wconf 85' lang='lat' dir='ltr'><strong>pristinum</strong></span> <span class='ocrx_word' id='word_1_181' title='bbox 1103 2936 1554 3028; x_wconf 89' lang='lat' dir='ltr'><strong>recuperavit.</strong></span> 
     </span>
    </p>

    <p class='ocr_par' dir='ltr' id='par_1_4' title="bbox 407 3042 2545 3563">
     <span class='ocr_line' id='line_1_25' title="bbox 494 3042 2542 3136; baseline -0.001 -23"><span class='ocrx_word' id='word_1_182' title='bbox 494 3048 578 3113; x_wconf 92' lang='lat'><strong>27</strong></span> <span class='ocrx_word' id='word_1_183' title='bbox 591 3098 607 3112; x_wconf 90' lang='lat'><strong>.</strong></span> <span class='ocrx_word' id='word_1_184' title='bbox 627 3046 707 3111; x_wconf 91' lang='lat' dir='ltr'><strong>ln</strong></span> <span class='ocrx_word' id='word_1_185' title='bbox 730 3042 1006 3112; x_wconf 83' lang='lat' dir='ltr'><strong>civitate</strong></span> <span class='ocrx_word' id='word_1_186' title='bbox 1022 3059 1061 3099; x_wconf 77' lang='grc' dir='ltr'><em>Ρ</em></span> <span class='ocrx_word' id='word_1_187' title='bbox 1081 3043 1551 3125; x_wconf 86' lang='lat' dir='ltr'><strong>Venetiarum‚</strong></span> <span class='ocrx_word' id='word_1_188' title='bbox 1572 3044 1813 3112; x_wconf 90' lang='lat' dir='ltr'><strong>mulier</strong></span> <span class='ocrx_word' id='word_1_189' title='bbox 1830 3044 2166 3136; x_wconf 59' lang='lat' dir='ltr'><strong>quaedam,</strong></span> <span class='ocrx_word' id='word_1_190' title='bbox 2185 3043 2493 3114; x_wconf 85' lang='lat' dir='ltr'><strong>Caesaria</strong></span> <span class='ocrx_word' id='word_1_191' title='bbox 2511 3058 2542 3101; x_wconf 83' lang='lat'><strong>‘1</strong></span> 
     </span>
     <span class='ocr_line' id='line_1_26' title="bbox 408 3150 2538 3243; baseline -0.001 -24"><span class='ocrx_word' id='word_1_192' title='bbox 408 3153 705 3233; x_wconf 87' lang='lat' dir='ltr'><strong>nomine,</strong></span> <span class='ocrx_word' id='word_1_193' title='bbox 750 3175 1023 3219; x_wconf 91' lang='lat' dir='ltr'><strong>manum</strong></span> <span class='ocrx_word' id='word_1_194' title='bbox 1062 3151 1324 3219; x_wconf 88' lang='lat' dir='ltr'><strong>habens</strong></span> <span class='ocrx_word' id='word_1_195' title='bbox 1350 3160 1772 3219; x_wconf 89' lang='lat' dir='ltr'><strong>contractam</strong></span> <span class='ocrx_word' id='word_1_196' title='bbox 1803 3165 1855 3231; x_wconf 62' lang='lat' dir='ltr'><strong>f,</strong></span> <span class='ocrx_word' id='word_1_197' title='bbox 1888 3151 2128 3243; x_wconf 91' lang='lat' dir='ltr'><strong>pedem</strong></span> <span class='ocrx_word' id='word_1_198' title='bbox 2156 3150 2538 3229; x_wconf 79' lang='lat' dir='ltr'><strong>sinistrum,</strong></span> 
     </span>
     <span class='ocr_line' id='line_1_27' title="bbox 407 3257 2544 3349; baseline -0.001 -22"><span class='ocrx_word' id='word_1_199' title='bbox 407 3260 677 3327; x_wconf 88' lang='lat' dir='ltr'><strong>duobus</strong></span> <span class='ocrx_word' id='word_1_200' title='bbox 709 3257 909 3327; x_wconf 90' lang='lat' dir='ltr'><strong>annis</strong></span> <span class='ocrx_word' id='word_1_201' title='bbox 935 3269 1004 3326; x_wconf 90' lang='lat' dir='ltr'><strong>et</strong></span> <span class='ocrx_word' id='word_1_202' title='bbox 1024 3282 1103 3325; x_wconf 93' lang='lat' dir='ltr'><strong>eo</strong></span> <span class='ocrx_word' id='word_1_203' title='bbox 1134 3257 1453 3349; x_wconf 88' lang='lat' dir='ltr'><strong>amplius,</strong></span> <span class='ocrx_word' id='word_1_204' title='bbox 1479 3268 1733 3327; x_wconf 85' lang='lat' dir='ltr'><strong>tortum</strong></span> <span class='ocrx_word' id='word_1_205' title='bbox 1762 3272 1785 3301; x_wconf 78' lang='lat'>⁸</span> <span class='ocrx_word' id='word_1_206' title='bbox 1823 3283 1906 3326; x_wconf 85' lang='lat' dir='ltr'><strong>ex</strong></span> <span class='ocrx_word' id='word_1_207' title='bbox 1935 3269 2335 3326; x_wconf 86' lang='lat' dir='ltr'><strong>transverso</strong></span> <span class='ocrx_word' id='word_1_208' title='bbox 2367 3258 2544 3325; x_wconf 85' lang='lat' dir='ltr'><strong>sere-</strong></span> 
     </span>
     <span class='ocr_line' id='line_1_28' title="bbox 408 3365 2545 3457; baseline -0.001 -23"><span class='ocrx_word' id='word_1_209' title='bbox 408 3366 548 3434; x_wconf 87' lang='lat' dir='ltr'><strong>bat.</strong></span> <span class='ocrx_word' id='word_1_210' title='bbox 596 3369 707 3435; x_wconf 88' lang='lat'><strong>28.</strong></span> <span class='ocrx_word' id='word_1_211' title='bbox 754 3367 950 3454; x_wconf 83' lang='lat' dir='ltr'><strong>Quae,</strong></span> <span class='ocrx_word' id='word_1_212' title='bbox 998 3388 1204 3456; x_wconf 90' lang='lat' dir='ltr'><strong>quum</strong></span> <span class='ocrx_word' id='word_1_213' title='bbox 1256 3375 1562 3457; x_wconf 87' lang='lat' dir='ltr'><strong>tempore</strong></span> <span class='ocrx_word' id='word_1_214' title='bbox 1604 3365 1854 3433; x_wconf 89' lang='lat' dir='ltr'><strong>messis</strong></span> <span class='ocrx_word' id='word_1_215' title='bbox 1909 3365 1981 3432; x_wconf 92' lang='lat' dir='ltr'><strong>in</strong></span> <span class='ocrx_word' id='word_1_216' title='bbox 2024 3365 2493 3456; x_wconf 89' lang='lat' dir='ltr'><strong>episcopatum</strong></span> <span class='ocrx_word' id='word_1_217' title='bbox 2525 3372 2545 3407; x_wconf 75' lang='lat'>²</span> 
     </span>
     <span class='ocr_line' id='line_1_29' title="bbox 409 3472 2544 3563; baseline -0.001 -22"><span class='ocrx_word' id='word_1_218' title='bbox 409 3473 889 3542; x_wconf 89' lang='lat' dir='ltr'><strong>Paduanorum</strong></span> <span class='ocrx_word' id='word_1_219' title='bbox 937 3472 1270 3553; x_wconf 85' lang='lat' dir='ltr'><strong>venisset,</strong></span> <span class='ocrx_word' id='word_1_220' title='bbox 1304 3482 1380 3540; x_wconf 91' lang='lat' dir='ltr'><strong>ut</strong></span> <span class='ocrx_word' id='word_1_221' title='bbox 1428 3472 1658 3563; x_wconf 89' lang='lat' dir='ltr'><strong>spicas</strong></span> <span class='ocrx_word' id='word_1_222' title='bbox 1690 3495 1841 3563; x_wconf 85' lang='lat' dir='ltr'><strong>quae</strong></span> <span class='ocrx_word' id='word_1_223' title='bbox 1867 3472 2264 3540; x_wconf 88' lang='lat' dir='ltr'><strong>metentium</strong></span> <span class='ocrx_word' id='word_1_224' title='bbox 2301 3495 2544 3539; x_wconf 87' lang='lat' dir='ltr'><strong>manus</strong></span> 
     </span>
    </p>
   </div>
   <div class='ocr_carea' id='block_1_3' title="bbox 406 3730 2554 4358">
    <p class='ocr_par' dir='ltr' id='par_1_5' title="bbox 406 3730 2554 4358">
     <span class='ocr_line' id='line_1_30' title="bbox 458 3730 2553 3787; baseline -0.002 -9"><span class='ocrx_word' id='word_1_225' title='bbox 458 3745 505 3778; x_wconf 80' lang='lat' dir='ltr'><strong>a.</strong></span> <span class='ocrx_word' id='word_1_226' title='bbox 538 3733 647 3776; x_wconf 78' lang='lat' dir='ltr'><strong>Alc.</strong></span> <span class='ocrx_word' id='word_1_227' title='bbox 681 3732 762 3775; x_wconf 73' lang='grc'><strong>286</strong></span> <span class='ocrx_word' id='word_1_228' title='bbox 792 3731 1028 3787; x_wconf 54' lang='lat' dir='ltr'><strong>planctis</strong></span> <span class='ocrx_word' id='word_1_229' title='bbox 1054 3754 1106 3764; x_wconf 93' lang='lat'><em>-</em></span> <span class='ocrx_word' id='word_1_230' title='bbox 1141 3732 1183 3775; x_wconf 88' lang='lat' dir='ltr'><strong>b.</strong></span> <span class='ocrx_word' id='word_1_231' title='bbox 1212 3731 1328 3775; x_wconf 84' lang='lat' dir='ltr'><strong>Luc.</strong></span> <span class='ocrx_word' id='word_1_232' title='bbox 1360 3732 1569 3775; x_wconf 74' lang='lat' dir='ltr'><strong>Iterum.</strong></span> <span class='ocrx_word' id='word_1_233' title='bbox 1597 3731 1787 3775; x_wconf 80' lang='lat' dir='ltr'><strong>Puella.</strong></span> <span class='ocrx_word' id='word_1_234' title='bbox 1817 3754 1870 3764; x_wconf 93' lang='lat'>—</span> <span class='ocrx_word' id='word_1_235' title='bbox 1900 3743 1944 3775; x_wconf 86' lang='lat' dir='ltr'><strong>c.</strong></span> <span class='ocrx_word' id='word_1_236' title='bbox 1978 3731 2090 3775; x_wconf 89' lang='lat' dir='ltr'><strong>Luc.</strong></span> <span class='ocrx_word' id='word_1_237' title='bbox 2123 3733 2242 3787; x_wconf 74' lang='lat' dir='ltr'><strong>rere.</strong></span> <span class='ocrx_word' id='word_1_238' title='bbox 2263 3753 2316 3765; x_wconf 89' lang='lat'>—</span> <span class='ocrx_word' id='word_1_239' title='bbox 2344 3732 2392 3775; x_wconf 82' lang='lat' dir='ltr'><strong>d.</strong></span> <span class='ocrx_word' id='word_1_240' title='bbox 2419 3730 2553 3774; x_wconf 75' lang='lat' dir='ltr'><strong>Paris</strong></span> 
     </span>
     <span class='ocr_line' id='line_1_31' title="bbox 406 3802 2552 3866; baseline -0.001 -18"><span class='ocrx_word' id='word_1_241' title='bbox 406 3804 567 3860; x_wconf 74' lang='lat' dir='ltr'><strong>[enne</strong></span> <span class='ocrx_word' id='word_1_242' title='bbox 601 3814 855 3847; x_wconf 82' lang='lat' dir='ltr'><strong>annorum</strong></span> <span class='ocrx_word' id='word_1_243' title='bbox 891 3802 1065 3847; x_wconf 79' lang='lat' dir='ltr'><strong>trium.</strong></span> <span class='ocrx_word' id='word_1_244' title='bbox 1099 3827 1152 3836; x_wconf 94' lang='lat'>—</span> <span class='ocrx_word' id='word_1_245' title='bbox 1195 3816 1236 3848; x_wconf 84' lang='lat' dir='ltr'><strong>e.</strong></span> <span class='ocrx_word' id='word_1_246' title='bbox 1278 3803 1394 3847; x_wconf 87' lang='lat' dir='ltr'><strong>Luc.</strong></span> <span class='ocrx_word' id='word_1_247' title='bbox 1423 3802 1554 3847; x_wconf 74' lang='lat' dir='ltr'><strong>totis.</strong></span> <span class='ocrx_word' id='word_1_248' title='bbox 1582 3825 1634 3835; x_wconf 95' lang='lat'>—</span> <span class='ocrx_word' id='word_1_249' title='bbox 1663 3804 1698 3858; x_wconf 80' lang='grc' dir='ltr'><strong>Ῑ.</strong></span> <span class='ocrx_word' id='word_1_250' title='bbox 1731 3802 1805 3847; x_wconf 92' lang='lat' dir='ltr'><strong>Du</strong></span> <span class='ocrx_word' id='word_1_251' title='bbox 1834 3815 1941 3858; x_wconf 83' lang='lat' dir='ltr'><strong>grec</strong></span> <span class='ocrx_word' id='word_1_252' title='bbox 1972 3814 2255 3866; x_wconf 84' lang='grc' dir='ltr'><strong>ανατροπη.</strong></span> <span class='ocrx_word' id='word_1_253' title='bbox 2277 3802 2408 3846; x_wconf 74' lang='lat' dir='ltr'><strong>Paris</strong></span> <span class='ocrx_word' id='word_1_254' title='bbox 2425 3814 2552 3846; x_wconf 83' lang='lat' dir='ltr'><strong>ana-</strong></span> 
     </span>
     <span class='ocr_line' id='line_1_32' title="bbox 410 3873 2548 3932; baseline -0.001 -12"><span class='ocrx_word' id='word_1_255' title='bbox 410 3876 643 3932; x_wconf 73' lang='lat' dir='ltr'><strong>tropiam.</strong></span> <span class='ocrx_word' id='word_1_256' title='bbox 670 3875 790 3918; x_wconf 80' lang='lat' dir='ltr'><strong>Aue.</strong></span> <span class='ocrx_word' id='word_1_257' title='bbox 819 3874 1123 3929; x_wconf 80' lang='lat' dir='ltr'><strong>atrophiam.</strong></span> <span class='ocrx_word' id='word_1_258' title='bbox 1148 3896 1200 3907; x_wconf 91' lang='lat'>—</span> <span class='ocrx_word' id='word_1_259' title='bbox 1224 3886 1270 3929; x_wconf 70' lang='grc' dir='ltr'><strong>[ι.</strong></span> <span class='ocrx_word' id='word_1_260' title='bbox 1296 3873 1431 3918; x_wconf 76' lang='lat' dir='ltr'><strong>Paris</strong></span> <span class='ocrx_word' id='word_1_261' title='bbox 1458 3874 1712 3918; x_wconf 78' lang='lat' dir='ltr'><strong>desiccata</strong></span> <span class='ocrx_word' id='word_1_262' title='bbox 1743 3874 2017 3929; x_wconf 70' lang='lat' dir='ltr'><strong>lanqueret.</strong></span> <span class='ocrx_word' id='word_1_263' title='bbox 2047 3895 2100 3906; x_wconf 94' lang='lat'><em>-</em></span> <span class='ocrx_word' id='word_1_264' title='bbox 2128 3875 2178 3917; x_wconf 82' lang='lat' dir='ltr'><strong>h.</strong></span> <span class='ocrx_word' id='word_1_265' title='bbox 2208 3873 2341 3917; x_wconf 79' lang='lat' dir='ltr'><strong>Paris</strong></span> <span class='ocrx_word' id='word_1_266' title='bbox 2373 3886 2466 3929; x_wconf 75' lang='lat' dir='ltr'><strong>per</strong></span> <span class='ocrx_word' id='word_1_267' title='bbox 2490 3886 2548 3917; x_wconf 77' lang='lat' dir='ltr'><strong>os</strong></span> 
     </span>
     <span class='ocr_line' id='line_1_33' title="bbox 411 3944 2554 4001; baseline -0.001 -10"><span class='ocrx_word' id='word_1_268' title='bbox 411 3948 626 3991; x_wconf 77' lang='lat' dir='ltr'><strong>crudum</strong></span> <span class='ocrx_word' id='word_1_269' title='bbox 649 3949 697 3990; x_wconf 81' lang='lat' dir='ltr'><strong>et</strong></span> <span class='ocrx_word' id='word_1_270' title='bbox 721 3945 1046 4001; x_wconf 63' lang='lat' dir='ltr'><strong>indigestum.</strong></span> <span class='ocrx_word' id='word_1_271' title='bbox 1074 3968 1126 3978; x_wconf 95' lang='lat'>—</span> <span class='ocrx_word' id='word_1_272' title='bbox 1155 3945 1187 3989; x_wconf 86' lang='grc' dir='ltr'><strong>ι’.</strong></span> <span class='ocrx_word' id='word_1_273' title='bbox 1214 3945 1318 3990; x_wconf 77' lang='lat' dir='ltr'><strong>Alc.</strong></span> <span class='ocrx_word' id='word_1_274' title='bbox 1340 3946 1421 3990; x_wconf 76' lang='lat'><strong>286</strong></span> <span class='ocrx_word' id='word_1_275' title='bbox 1442 3945 1778 4001; x_wconf 74' lang='lat' dir='ltr'><strong>pert-aluerat.</strong></span> <span class='ocrx_word' id='word_1_276' title='bbox 1799 3968 1852 3977; x_wconf 94' lang='lat'>—</span> <span class='ocrx_word' id='word_1_277' title='bbox 1873 3944 1913 3999; x_wconf 86' lang='lat' dir='ltr'><strong>j.</strong></span> <span class='ocrx_word' id='word_1_278' title='bbox 1946 3945 2080 3990; x_wconf 80' lang='lat' dir='ltr'><strong>Puris</strong></span> <span class='ocrx_word' id='word_1_279' title='bbox 2099 3957 2187 3988; x_wconf 90' lang='lat' dir='ltr'><strong>om.</strong></span> <span class='ocrx_word' id='word_1_280' title='bbox 2210 3948 2257 3989; x_wconf 80' lang='lat' dir='ltr'><strong>ct</strong></span> <span class='ocrx_word' id='word_1_281' title='bbox 2287 3946 2554 3989; x_wconf 80' lang='lat' dir='ltr'><strong>humorem</strong></span> 
     </span>
     <span class='ocr_line' id='line_1_34' title="bbox 412 4015 2554 4073; baseline -0 -13"><span class='ocrx_word' id='word_1_282' title='bbox 412 4017 699 4061; x_wconf 79' lang='lat' dir='ltr'><strong>naturalem</strong></span> <span class='ocrx_word' id='word_1_283' title='bbox 732 4019 1095 4061; x_wconf 78' lang='lat' dir='ltr'><strong>restaurarent.</strong></span> <span class='ocrx_word' id='word_1_284' title='bbox 1117 4039 1169 4049; x_wconf 93' lang='lat'><em>-</em></span> <span class='ocrx_word' id='word_1_285' title='bbox 1196 4016 1242 4060; x_wconf 75' lang='lat' dir='ltr'><strong>h.</strong></span> <span class='ocrx_word' id='word_1_286' title='bbox 1272 4015 1340 4060; x_wconf 84' lang='lat' dir='ltr'><strong>Le</strong></span> <span class='ocrx_word' id='word_1_287' title='bbox 1373 4026 1491 4060; x_wconf 77' lang='lat' dir='ltr'><strong>texte</strong></span> <span class='ocrx_word' id='word_1_288' title='bbox 1511 4017 1745 4060; x_wconf 83' lang='lat' dir='ltr'><strong>d&#39;Ancone</strong></span> <span class='ocrx_word' id='word_1_289' title='bbox 1779 4017 1847 4060; x_wconf 81' lang='lat' dir='ltr'><strong>n&#39;a</strong></span> <span class='ocrx_word' id='word_1_290' title='bbox 1876 4018 1976 4059; x_wconf 83' lang='lat' dir='ltr'><strong>rien</strong></span> <span class='ocrx_word' id='word_1_291' title='bbox 2005 4017 2081 4073; x_wconf 89' lang='lat' dir='ltr'><strong>qui</strong></span> <span class='ocrx_word' id='word_1_292' title='bbox 2117 4016 2418 4072; x_wconf 72' lang='lat' dir='ltr'><strong>cot-responde</strong></span> <span class='ocrx_word' id='word_1_293' title='bbox 2449 4016 2475 4059; x_wconf 67' lang='lat' dir='ltr'><strong>a</strong></span> <span class='ocrx_word' id='word_1_294' title='bbox 2502 4028 2554 4059; x_wconf 86' lang='lat' dir='ltr'><strong>ee</strong></span> 
     </span>
     <span class='ocr_line' id='line_1_35' title="bbox 415 4086 2552 4143; baseline -0.001 -11"><span class='ocrx_word' id='word_1_295' title='bbox 415 4101 599 4143; x_wconf 68' lang='lat' dir='ltr'><strong>passage</strong></span> <span class='ocrx_word' id='word_1_296' title='bbox 614 4101 695 4131; x_wconf 80' lang='lat' dir='ltr'><strong>sur</strong></span> <span class='ocrx_word' id='word_1_297' title='bbox 710 4088 954 4132; x_wconf 67' lang='lat' dir='ltr'><strong>l‘insncees</strong></span> <span class='ocrx_word' id='word_1_298' title='bbox 968 4087 1050 4131; x_wconf 84' lang='lat' dir='ltr'><strong>des</strong></span> <span class='ocrx_word' id='word_1_299' title='bbox 1070 4086 1316 4132; x_wconf 71' lang='lat' dir='ltr'><strong>medecina.</strong></span> <span class='ocrx_word' id='word_1_300' title='bbox 1336 4110 1390 4119; x_wconf 94' lang='lat'>—</span> <span class='ocrx_word' id='word_1_301' title='bbox 1410 4088 1441 4131; x_wconf 77' lang='grc' dir='ltr'><strong>ἰ.</strong></span> <span class='ocrx_word' id='word_1_302' title='bbox 1462 4086 1598 4130; x_wconf 80' lang='lat' dir='ltr'><strong>Paris</strong></span> <span class='ocrx_word' id='word_1_303' title='bbox 1622 4089 1844 4143; x_wconf 80' lang='lat' dir='ltr'><strong>quadam</strong></span> <span class='ocrx_word' id='word_1_304' title='bbox 1866 4088 1964 4131; x_wconf 81' lang='lat' dir='ltr'><strong>die.</strong></span> <span class='ocrx_word' id='word_1_305' title='bbox 1985 4110 2037 4119; x_wconf 93' lang='lat'><strong>—</strong></span> <span class='ocrx_word' id='word_1_306' title='bbox 2059 4100 2126 4131; x_wconf 86' lang='lat' dir='ltr'><strong>m.</strong></span> <span class='ocrx_word' id='word_1_307' title='bbox 2150 4087 2284 4132; x_wconf 79' lang='lat' dir='ltr'><strong>Paris</strong></span> <span class='ocrx_word' id='word_1_308' title='bbox 2309 4087 2552 4131; x_wconf 79' lang='lat' dir='ltr'><strong>collocata</strong></span> 
     </span>
     <span class='ocr_line' id='line_1_36' title="bbox 418 4157 2550 4214; baseline 0 -13"><span class='ocrx_word' id='word_1_309' title='bbox 418 4160 465 4202; x_wconf 81' lang='lat' dir='ltr'><strong>in</strong></span> <span class='ocrx_word' id='word_1_310' title='bbox 486 4159 728 4204; x_wconf 77' lang='lat' dir='ltr'><strong>oratione.</strong></span> <span class='ocrx_word' id='word_1_311' title='bbox 753 4183 806 4192; x_wconf 95' lang='lat'>—</span> <span class='ocrx_word' id='word_1_312' title='bbox 836 4171 886 4203; x_wconf 84' lang='lat' dir='ltr'><strong>n.</strong></span> <span class='ocrx_word' id='word_1_313' title='bbox 917 4157 1030 4202; x_wconf 87' lang='lat' dir='ltr'><strong>Luc.</strong></span> <span class='ocrx_word' id='word_1_314' title='bbox 1050 4159 1412 4214; x_wconf 79' lang='lat' dir='ltr'><strong>propinquare.</strong></span> <span class='ocrx_word' id='word_1_315' title='bbox 1428 4182 1481 4191; x_wconf 89' lang='lat'><strong>—</strong></span> <span class='ocrx_word' id='word_1_316' title='bbox 1502 4171 1546 4202; x_wconf 90' lang='lat' dir='ltr'><strong>o.</strong></span> <span class='ocrx_word' id='word_1_317' title='bbox 1579 4158 1693 4203; x_wconf 89' lang='lat' dir='ltr'><strong>Luc.</strong></span> <span class='ocrx_word' id='word_1_318' title='bbox 1715 4171 1804 4203; x_wconf 91' lang='lat' dir='ltr'><strong>om.</strong></span> <span class='ocrx_word' id='word_1_319' title='bbox 1826 4170 2011 4213; x_wconf 74' lang='lat' dir='ltr'><strong>corpus</strong></span> <span class='ocrx_word' id='word_1_320' title='bbox 2033 4159 2252 4203; x_wconf 81' lang='lat' dir='ltr'><strong>aridum.</strong></span> <span class='ocrx_word' id='word_1_321' title='bbox 2274 4182 2325 4191; x_wconf 94' lang='lat'>—</span> <span class='ocrx_word' id='word_1_322' title='bbox 2353 4172 2403 4214; x_wconf 84' lang='lat' dir='ltr'><strong>p.</strong></span> <span class='ocrx_word' id='word_1_323' title='bbox 2436 4158 2550 4202; x_wconf 87' lang='lat' dir='ltr'><strong>Luc·</strong></span> 
     </span>
     <span class='ocr_line' id='line_1_37' title="bbox 427 4230 2549 4286; baseline -0.001 -11"><span class='ocrx_word' id='word_1_324' title='bbox 427 4230 651 4286; x_wconf 63' lang='lat' dir='ltr'><strong>sianum.</strong></span> <span class='ocrx_word' id='word_1_325' title='bbox 673 4232 733 4276; x_wconf 84' lang='grc' dir='ltr'><strong>1η</strong></span> <span class='ocrx_word' id='word_1_326' title='bbox 755 4231 977 4275; x_wconf 73' lang='lat' dir='ltr'><strong>cit-itate.</strong></span> <span class='ocrx_word' id='word_1_327' title='bbox 997 4251 1049 4262; x_wconf 89' lang='lat'><strong>——</strong></span> <span class='ocrx_word' id='word_1_328' title='bbox 1070 4242 1117 4284; x_wconf 82' lang='lat' dir='ltr'><strong>q.</strong></span> <span class='ocrx_word' id='word_1_329' title='bbox 1147 4230 1280 4274; x_wconf 73' lang='lat' dir='ltr'><strong>Pans</strong></span> <span class='ocrx_word' id='word_1_330' title='bbox 1302 4230 1532 4275; x_wconf 81' lang='lat' dir='ltr'><strong>Casarca.</strong></span> <span class='ocrx_word' id='word_1_331' title='bbox 1552 4253 1607 4263; x_wconf 89' lang='lat'>—</span> <span class='ocrx_word' id='word_1_332' title='bbox 1627 4243 1668 4275; x_wconf 86' lang='lat' dir='ltr'><strong>r.</strong></span> <span class='ocrx_word' id='word_1_333' title='bbox 1693 4230 1824 4274; x_wconf 75' lang='lat' dir='ltr'><strong>Paris</strong></span> <span class='ocrx_word' id='word_1_334' title='bbox 1848 4231 1948 4275; x_wconf 73' lang='lat' dir='ltr'><strong>add.</strong></span> <span class='ocrx_word' id='word_1_335' title='bbox 1978 4234 2041 4275; x_wconf 80' lang='lat' dir='ltr'><strong>et.</strong></span> <span class='ocrx_word' id='word_1_336' title='bbox 2067 4253 2119 4262; x_wconf 93' lang='lat'><strong>—</strong></span> <span class='ocrx_word' id='word_1_337' title='bbox 2152 4243 2193 4276; x_wconf 76' lang='lat' dir='ltr'><strong>s.</strong></span> <span class='ocrx_word' id='word_1_338' title='bbox 2220 4230 2353 4274; x_wconf 79' lang='lat' dir='ltr'><strong>Paris</strong></span> <span class='ocrx_word' id='word_1_339' title='bbox 2374 4232 2549 4274; x_wconf 76' lang='lat' dir='ltr'><strong>totum.</strong></span> 
     </span>
     <span class='ocr_line' id='line_1_38' title="bbox 425 4302 1120 4358; baseline 0 -12"><span class='ocrx_word' id='word_1_340' title='bbox 425 4323 474 4333; x_wconf 89' lang='lat'>—</span> <span class='ocrx_word' id='word_1_341' title='bbox 506 4304 539 4348; x_wconf 83' lang='lat' dir='ltr'><strong>t.</strong></span> <span class='ocrx_word' id='word_1_342' title='bbox 558 4303 663 4349; x_wconf 80' lang='lat' dir='ltr'><strong>Alc.</strong></span> <span class='ocrx_word' id='word_1_343' title='bbox 696 4303 778 4349; x_wconf 79' lang='lat'><strong>286</strong></span> <span class='ocrx_word' id='word_1_344' title='bbox 805 4302 1120 4358; x_wconf 73' lang='lat' dir='ltr'><strong>episcopatu.</strong></span> 
     </span>
    </p>
   </div>
  </div>
 </body>
</html>
