3109 4950
700 493 760 540 s,
814 494 1103 539 immun
1153 493 1475 539 Laui-:Nm
1529 499 1560 536 «
1615 493 2036 539 asmo-‚mus
2079 498 2113 535 »
2343 472 2475 542 213

341 631 772 700 litteraliter¹
831 632 1056 724 ipsum
1107 632 1293 725 loqui
1348 632 1731 710 audierant,
1789 632 1905 699 vix
1964 654 2169 723 quum
2238 655 2476 699 neces·

343 739 517 807 sitas
556 739 905 830 coegisset
935 746 982 822 ¹²,
1036 751 1103 808 et
1154 739 1334 830 quod
1373 765 1453 808 ea
1496 764 1648 830 quae
1688 739 1773 806 ad
1828 738 2118 807 ossicium
2162 748 2478 829 spectant

340 847 881 916 ecclesiasticum
930 846 1306 938 peroptime
1354 846 1821 939 cognovisset.

1376 1186 1449 1280 13

437 1482 497 1547 1.
553 1476 860 1546 Tandem
911 1477 1443 1546 clementissimo
1496 1477 1941 1568 dispensante
1988 1477 2304 1564 Domin0,
2356 1476 2471 1568 qui

339 1609 420 1653 os
460 1595 799 1653 mutorum
855 1584 1172 1675 aperitet
1210 1584 1487 1675 linguas
1541 1584 1901 1652 infantium
1949 1583 2249 1653 disertas
2280 1584 2468 1663 facit,

339 1692 427 1759 ad
469 1695 622 1775 [145
661 1716 701 1759 a
741 1695 805 1775 2]
880 1692 1102 1760 instar
1148 1691 1498 1783 propheta}
1560 1691 1759 1760 Isaiae
1822 1691 1928 1758 cui
1986 1690 2242 1759 dictum
2310 1702 2466 1760 est:

343 1802 623 1882 Clama,
662 1823 748 1867 ne
786 1822 1016 1868 cesses
1040 1826 1063 1883 ,·
1114 1800 1336 1888 quasi
1389 1799 1563 1867 tuba
1595 1800 1844 1866 exalta
1890 1821 2117 1866 vocem
2176 1813 2375 1867 luam
2410 1812 2473 1866 et

338 1907 702 1974 annuntia
736 1908 1013 1997 populo
1058 1930 1207 1973 meo
1250 1907 1522 1974 scelera
1564 1928 1805 1974 eorum
1835 1907 1887 1992 ⁴,
1935 1905 2043 1973 hic
2091 1904 2217 1974 Dei
2265 1905 2473 1973 famu·

338 2013 446 2081 lus
501 2013 844 2081 Antonius
895 2012 1263 2080 salubriter
1313 2036 1353 2080 a
1408 2013 1699 2079 Domino
1751 2011 2132 2104 delegatur.
2188 2015 2251 2080 2.
2310 2014 2471 2080 Pos-

341 2119 641 2206 modum,
685 2119 863 2187 sicut
903 2119 1093 2187 illum
1133 2118 1604 2210 evangelicum
1645 2142 1919 2186 servum
1958 2117 2468 2199 transmissum,

342 2227 506 2295 hora
561 2250 800 2311 ecanae,
855 2226 1080 2294 dicere
1138 2225 1449 2294 invitatis
1514 2235 1591 2292 ut
1643 2224 1981 2312 venirent,
2036 2225 2194 2317 quia
2245 2223 2472 2292 omnia

339 2344 584 2425 parata
649 2343 839 2420 sunt,
909 2334 1008 2402 sic
1074 2343 1142 2401 et
1206 2333 1383 2401 hunc
1448 2356 1722 2400 servum
1801 2356 1999 2400 suum
2069 2331 2469 2419 Antonium,

339 2440 657 2510 idoneum
705 2464 825 2534 per
868 2440 1122 2529 omnia,
1160 2440 1304 2531 jam
1357 2439 1637 2520 dudum,
1681 2449 1756 2507 ut
1798 2438 2214 2531 praedicitur,
2264 2439 2471 2508 culto·

342 2573 479 2617 rem
520 2549 966 2631 eremiticum,
1008 2548 1387 2616 consultius
1426 2547 1823 2624 destinavit.

426 2660 492 2726 3.
549 2659 836 2725 Demum
874 2655 962 2724 ad
1001 2654 1613 2746 evangelizandum
1653 2656 1759 2724 sui
1805 2654 2101 2723 nominis
2151 2655 2470 2748 gloriam,

338 2763 525 2831 velut
563 2763 851 2831 alterum
884 2762 1170 2830 Paulum
1208 2762 1323 2853 qui
1362 2772 1670 2853 portaret
1736 2786 1981 2831 nomen
2042 2763 2190 2852 ejus
2243 2787 2471 2830 coram

338 2869 644 2960 praelatis
684 2879 753 2937 et
804 2880 1142 2938 terrarum
1194 2869 1616 2960 principibus
1664 2881 1732 2938 et
1767 2868 2114 2937 universis
2171 2869 2467 2961 populi8‚

341 2976 519 3045 hunc
581 3000 963 3068 praeconem
1019 2976 1377 3044 mirificum
1416 2977 1789 3045 Antonium
1838 2976 2225 3067 elegantius
2268 2976 2470 3067 depu-

341 3085 538 3152 tavit.
574 3087 640 3152 4.
677 3085 738 3153 O
782 3094 1039 3175 quanta
1079 3092 1188 3151 est
1225 3083 1405 3152 circa
1437 3107 1563 3151 nos
1593 3083 2002 3151 vermiculos
2034 3083 2472 3175 providentia

344 3191 465 3259 Dei
496 3190 758 3259 nostri!
797 3190 903 3259 Ad
933 3190 1109 3258 hanc
1149 3190 1399 3282 quippe
1431 3214 1717 3270 coenam,
1751 3201 1826 3258 ut
1865 3190 2182 3281 superius
2215 3199 2469 3257 tactum

343 3308 470 3380 est,
505 3298 725 3391 primo
765 3322 890 3366 nos
916 3298 1191 3366 vocavit
1228 3321 1349 3389 per
1378 3296 1809 3388 patriarchas
1850 3307 1918 3364 et
1947 3296 2316 3388 prophetas
2357 3321 2468 3364 an-

404 3543 450 3591 1.
483 3540 633 3592 Raro
665 3541 1018 3592 litteraliter:
1067 3542 1210 3592 cette
1253 3540 1575 3606 expression
1613 3553 1673 3589 se
1712 3541 1905 3589 trouve
1953 3539 2103 3588 aussi
2146 3538 2286 3589 dans
2332 3538 2470 3589 Jean

347 3620 604 3685 Rigauld‚
636 3634 759 3687 cap.
790 3623 854 3678 V,
890 3621 976 3672 ed.
1008 3621 1079 3672 du
1114 3620 1174 3672 P.
1201 3620 1531 3682 Ferdinand,
1565 3634 1618 3684 p.
1646 3625 1723 3678 38,
1754 3618 1895 3669 dans
1919 3618 1972 3669 la
2009 3617 2130 3669 Vita
2159 3622 2304 3668 ancl.
2336 3631 2473 3667 ano-

342 3714 503 3764 nymo
529 3700 737 3763 (Julien
762 3701 829 3751 de
856 3701 1058 3765 Spire),
1091 3714 1213 3766 cap.
1247 3702 1320 3760 11,
1351 3703 1407 3750 et
1434 3699 1574 3750 dans
1606 3700 1657 3750 le
1697 3698 1972 3765 Dialogus
1998 3698 2064 3748 cle
2097 3698 2225 3750 vilis
2263 3700 2476 3748 sancto-

339 3795 459 3830 ram
482 3780 746 3832 Fratrum
774 3780 1069 3841 Minorem,
1097 3780 1184 3831 ed.
1213 3781 1521 3839 Lemniens‚
1555 3795 1608 3844 p.
1632 3785 1679 3828 6.

398 3865 445 3911 2.
484 3861 645 3912 Cette
689 3861 928 3926 phrase:
966 3860 1149 3925 Neque
1202 3861 1346 3911 enim
1388 3862 1786 3925 putaverant...
1820 3859 2107 3924 coegisset,
2149 3873 2209 3909 se
2263 3861 2473 3917 trouve,

340 3954 578 4006 presque
606 3941 1036 3998 textuellement‚
1070 3941 1211 3991 dans
1236 3941 1287 3991 le
1316 3941 1609 4006 Dialogus,
1640 3939 1726 3990 ed.
1761 3939 2069 4000 LemmenS,
2102 3953 2154 4004 p.
2183 3945 2230 3989 6.

400 4027 446 4072 3.
486 4022 566 4073 Ce
597 4022 871 4085 fragment
901 4022 924 4071 1
970 4024 1056 4072 est
1096 4021 1318 4086 indique
1363 4033 1575 4071 comme
1602 4020 1807 4070 devant
1836 4023 1950 4070 etre
1987 4019 2297 4085 rapproche
2327 4019 2395 4071 de
2421 4019 2473 4069 la

341 4101 412 4151 fin
439 4101 513 4152 du
534 4102 786 4167 chapitre
813 4101 882 4151 de
904 4101 957 4151 la
980 4103 1213 4167 legenda
1240 4101 1422 4166 prima
1441 4115 1459 4149 .·
1489 4100 1738 4167 Qualiter
1761 4099 1996 4151 sciencia
2023 4100 2176 4151 illias
2198 4100 2472 4164 fratribus

342 4181 599 4233 innotuit.
629 4183 716 4245 (V.
749 4195 955 4247 supra:
1007 4182 1139 4247 Leg.
1166 4182 1370 4246 prima,
1420 4183 1487 4242 8),
1517 4193 1587 4230 ou
1634 4178 1706 4229 du
1756 4178 1925 4230 debut
1958 4179 2032 4230 du
2076 4180 2361 4245 chapitre=
2393 4179 2472 4230 De

338 4261 730 4327 praedicalione
755 4262 874 4327 ejas
910 4276 1010 4328 per
1040 4262 1433 4319 Romaniolam,
1468 4263 1572 4312 etc.
1597 4261 1684 4324 (V.
1716 4273 1918 4325 supra:
1952 4259 2081 4327 Leg.
2100 4260 2307 4326 prima.
2338 4261 2407 4320 9).

402 4346 450 4393 4.
484 4343 662 4405 Issum,
692 4342 891 4406 LVIII,
920 4346 965 4394 1.
