3109 4950
545 424 632 494 54
1012 445 1074 491 s,
1125 444 1412 491 Auroun
1462 445 1787 493 meeum
1835 444 2077 507 rumix,
2133 425 2212 493 17

966 894 1079 952 1¹7.
1112 893 1217 952 De
1245 891 1582 952 transitu
1608 893 1817 953 beati
1855 892 2156 952 Antonii
2183 900 2234 951 ἃ.

640 1237 699 1301 1.
744 1234 944 1301 Anno
986 1232 1322 1324 siquidem
1374 1232 1728 1301 dominicae
1770 1232 2269 1302 Incarnationis
2315 1233 2673 1301 millesimo

546 1340 1010 1408 ducentesimo
1048 1340 1406 1431 trigesimo
1429 1340 1456 1384 ⁶
1484 1340 1729 1432 prime,
1770 1340 2139 1408 indictione
2168 1353 2437 1431 quarta,
2472 1340 2676 1409 tertia

547 1448 808 1515 decima
846 1447 955 1515 die
996 1447 1253 1515 mensis
1275 1447 1476 1538 junii.
1520 1447 1688 1515 seria
1730 1458 1950 1529 sexta,
1994 1447 2440 1515 beatissimus
2481 1457 2676 1539 pater

547 1578 625 1622 ac
667 1555 878 1622 frater
917 1563 1151 1622 noster
1176 1567 1203 1598 ⁶
1236 1555 1604 1632 Antonius,
1649 1555 1922 1622 natione
1978 1554 2350 1647 Hispanae,
2401 1554 2471 1622 in
2510 1554 2677 1622 civi-

542 1672 685 1731 tate
717 1661 1068 1743 Paduana,
1110 1661 1181 1729 in
1210 1686 1344 1753 qua
1382 1685 1505 1752 per
1533 1685 1687 1729 eum
1709 1685 1954 1729 nomen
1981 1685 2177 1729 suum
2207 1661 2678 1753 magnificavit

552 1767 975 1848 Altissimus,
1020 1767 1200 1859 apud
1253 1769 1513 1838 Cellam
1541 1770 1589 1848 ¹,
1647 1769 1717 1836 in
1755 1769 1903 1836 loco
1945 1769 2254 1844 fratrum,
2304 1768 2489 1836 viam
2526 1768 2678 1837 uni-

544 1898 768 1943 versae
825 1875 1053 1942 carnis
1096 1874 1484 1967 ingressus»,
1527 1874 1617 1943 ad
1657 1875 2033 1943 coelestium
2080 1875 2441 1967 spirituum
2484 1899 2678 1943 man-

549 1983 779 2051 siones
818 1981 1104 2050 feliciter
1140 1982 1696 2073 transmigravit.
2248 1967 2255 1973 ⁸

636 2094 701 2158 2.
751 2089 899 2177 Hic,
943 2112 1175 2180 quum,
1242 2100 1544 2179 tempore
1597 2089 1915 2180 quodam,
1982 2089 2238 2158 relictis
2278 2089 2678 2181 populorum

547 2196 770 2265 turbis
800 2219 950 2288 quae
980 2195 1067 2264 ad
1099 2195 1508 2264 audiendum
1529 2207 1599 2264 et
1617 2195 1982 2264 videndum
2009 2221 2161 2263 eum
2189 2196 2488 2287 undique
2517 2220 2680 2264 con-

549 2303 932 2382 fluebantd‚
997 2303 1082 2370 ad
1141 2305 1475 2394 Campum
1515 2303 1737 2371 sancti
1792 2302 2001 2381 Petri,
2055 2303 2303 2395 quietis
2344 2303 2594 2395 gratia,
2637 2327 2679 2372 a

548 2411 825 2493 civitate
891 2409 1216 2479 Paduana
1273 2410 1706 2494 recessisset,
1762 2410 1889 2478 soli
1941 2413 2084 2478 Deo
2137 2434 2386 2479 vacare
2445 2409 2673 2502 coepit,

549 2518 856 2609 cupiens,
891 2517 950 2584 si
982 2516 1141 2608 quid
1182 2518 1291 2585 eie
1332 2518 1634 2609 pulveris
1666 2519 1806 2586 exs
1838 2518 2267 2586 saecularium
2308 2541 2679 2586 conversa-

545 2625 756 2705 tione,
805 2635 881 2692 ut
912 2625 1194 2706 assolet,
1237 2625 1582 2693 ullatenus
1634 2624 2071 2704 adhaesissct,
2115 2624 2415 2692 lacrimis
2470 2625 2681 2692 devo-

548 2732 754 2800 tionis
778 2756 855 2799 ac
884 2756 1097 2800 sacrae
1120 2732 1584 2800 meditationis
1603 2732 1867 2823 capillis
1884 2742 2311 2823 extergere&
2334 2736 2397 2802 3.
2428 2733 2680 2820 Quum-

548 2863 678 2930 que
718 2839 826 2906 die
865 2839 1157 2930 quadam
1197 2864 1237 2906 a
1275 2839 1445 2906 cella
1494 2864 1644 2911 sua.
1701 2864 1903 2931 quam
1947 2863 2152 2931 super
2201 2863 2439 2907 nucem
2480 2863 2682 2907 cons-

548 2945 686 3013 trui
724 2947 1001 3031 fecerat,
1034 2957 1323 3013 vocante
1367 2971 1519 3013 eum
1586 2971 1942 3037 campana,
2004 2946 2091 3013 ad
2122 2946 2358 3024 horam
2410 2945 2679 3036 prandii

550 3052 1047 3131 descendisset,
1074 3077 1226 3120 cum
1252 3053 1580 3120 fratribus
1604 3054 1876 3121 caeteris
1897 3054 2024 3120 ex‘²
2052 3077 2236 3121 more
2269 3051 2614 3121 discubuit
2632 3052 2674 3120 ἱ.

551 3162 616 3226 4.
661 3164 883 3227 Facta
923 3173 1026 3227 est
1063 3174 1301 3227 aulem
1340 3184 1557 3250 super
1594 3185 1752 3228 eum
1806 3162 1957 3228 ibis
1998 3183 2260 3228 manus
2296 3159 2682 3227 Domini&

551 3276 619 3334 et
656 3266 868 3334 totius
899 3268 1205 3358 corporis
1235 3267 1498 3334 viribus
1539 3267 1746 3356 coepit
1798 3276 2074 3358 repente
2114 3266 2394 3334 destitui
2431 3291 2447 3345 ;
2491 3290 2679 3334 cres-

553 3376 922 3465 centeque!
957 3374 1375 3449 infirmitate,
1425 3373 1974 3442 sustentantibus
2026 3398 2179 3441 eum
2233 3373 2587 3452 fratribuS,
2629 3397 2671 3442 a

553 3506 788 3550 mensa
819 3480 1117 3549 surrexit
1154 3491 1245 3562 et,
1287 3481 1688 3549 fatiscentes
1721 3491 1913 3548 artus
1945 3480 2286 3548 sustinere
2327 3503 2460 3547 non
2497 3503 2676 3570 prae-

603 3739 649 3770 a.
668 3726 801 3769 Paris
820 3725 890 3768 De
911 3724 1129 3768 transitu
1152 3724 1329 3769 mortis
1346 3723 1443 3767 uir-l
1465 3723 1762 3767 beatissimi.
1781 3746 1832 3756 —-
1853 3723 1898 3766 b.
1919 3722 2034 3768 Luc.
2055 3735 2146 3767 om.
2165 3724 2686 3766 malencontreusement

553 3797 825 3851 triqcsirno.
843 3819 893 3829 —
919 3809 961 3840 c.
987 3796 1096 3840 Pad.
1118 3809 1207 3839 om.
1236 3799 1418 3839 noster.
1448 3818 1500 3827 —
1524 3797 1572 3839 d.
1607 3795 1739 3839 Paris
1769 3796 1833 3838 ad
1863 3794 2177 3839 audiendum
2198 3805 2312 3838 eum
2337 3797 2384 3838 ct
2407 3793 2686 3838 videndum

547 3871 902 3913 convenerant.
918 3891 971 3900 —-
986 3881 1026 3910 c.
1050 3868 1154 3912 Alc.
1175 3869 1256 3912 ‘293
1276 3879 1408 3910 cum.
1427 3890 1480 3899 -
1499 3867 1534 3921 s.
1561 3867 1694 3910 Paris
1719 3871 1779 3911 ee.
1801 3890 1854 3899 —
1869 3880 1914 3921 9.
1937 3865 2070 3911 Paris
2089 3869 2376 3920 exteryeret.
2406 3889 2459 3898 -
2478 3866 2528 3908 h.
2552 3864 2688 3909 Paris

547 3943 609 3984 et.
628 3963 679 3973 —-
701 3940 731 3984 ἱ.
752 3940 865 3984 Luc.
887 3951 975 3982 om.
1000 3951 1118 3982 cum
1147 3939 1390 3993 fratribus
1412 3939 1603 3982 caeteris
1619 3951 1678 3982 ex
1695 3950 1832 3983 more
1847 3938 2120 3983 discubuit.
2152 3960 2205 3970 —
2223 3937 2265 3991 j.
2286 3936 2422 3981 Paris
2443 3936 2511 3981 ibi
2530 3948 2691 3993 super

550 4023 684 4055 eum.
702 4033 754 4044 —
770 4012 814 4054 k.
831 4010 934 4054 Alc.
951 4011 1031 4054 ‘280
1046 4019 1090 4053 ct
1109 4011 1214 4054 Alc.
1235 4010 1315 4054 ‘203
1335 4008 1440 4054 Dei.
1453 4033 1506 4041 —
1526 4010 1557 4053 1.
1578 4008 1710 4061 Luc„
1733 4009 1844 4054 Pad.
1860 4020 1904 4053 et
1921 4009 2054 4053 Paris
2071 4009 2174 4053 add.
2192 4008 2399 4054 sensim.

616 4220 659 4266 1.
696 4215 1100 4267 Actuellement
1125 4215 1392 4272 l'At·cella,
1418 4229 1525 4265 aux
1556 4219 1744 4283 portes
1773 4214 1841 4266 de
1874 4214 2113 4265 Padoue.

615 4301 661 4349 2.
694 4298 904 4350 Ezsscu.
941 4298 984 4359 I,
1013 4301 1058 4346 3.
