3109 4950
872 455 1251 502 Anmrlons
1302 454 1393 502 nu
1444 456 1560 503 us.
1609 456 1695 502 os
1747 455 2022 503 mooun
2391 438 2516 506 135

472 593 577 661 14.
642 592 851 661 Aliud
912 618 1177 686 quoque
1239 595 1550 664 mirabile
1616 595 1802 663 dictu
1861 595 2234 687 praedictus
2301 595 2518 664 frater

382 699 694 768 Parisius
748 701 1058 770 narravit
1109 703 1466 784 fratribus,
1509 703 1691 794 quod
1745 702 2132 793 contigerat
2179 703 2250 772 in
2300 703 2519 795 parti-

378 806 505 875 bus
550 808 935 877 Ulixbonae.
983 809 1107 877 Die
1147 833 1438 901 namque
1478 834 1612 901 qua
1651 810 1896 879 beatus
1943 821 2138 901 pater
2190 821 2258 879 et
2302 811 2516 879 frater

380 925 614 982 noster
673 916 1015 984 Antonius
1076 918 1390 1004 catalogo
1456 918 1583 986 suit
1647 928 2040 986 sanctorum
2090 918 2510 1009 adscriptae,

378 1022 746 1091 universus
800 1023 1289 1092 Ulixbonensis
1351 1026 1642 1116 populus
1697 1025 2127 1094 solemnitate
2180 1025 2511 1094 indicibili

377 1130 767 1210 laetabatur,
809 1155 1089 1199 causam
1138 1142 1368 1199 tamen
1425 1132 1908 1200 exsultationis
1957 1131 2344 1224 hujusmodi
2391 1156 2512 1223 pe-

381 1237 564 1305 nitus
604 1237 1023 1328 ignorans...
1050 1240 1096 1305 ¹.

470 1348 577 1414 15.
608 1344 905 1433 Quidam
935 1369 1312 1414 conversus
1343 1346 1790 1437 quarumdam
1832 1346 2224 1414 monialium
2257 1346 2508 1415 Paduae

378 1451 963 1539 commorantium,
1006 1453 1235 1521 aetatis
1283 1453 1481 1543 quasi
1518 1453 1770 1545 viginti
1809 1454 2107 1545 quinque
2145 1478 2503 1535 annorum,

376 1559 443 1627 in
482 1558 796 1650 pluribus
836 1559 1274 1628 monasteriis
1318 1571 1386 1628 et
1429 1584 1632 1652 quam
1671 1560 1961 1629 maxime
2000 1560 2184 1628 illius
2214 1561 2504 1638 ordinis,

376 1677 442 1735 et
477 1666 550 1734 in
590 1689 843 1758 magna
881 1677 1075 1757 parte
1116 1666 1419 1736 civitatis
1459 1666 1765 1759 ejusdem
1805 1692 1885 1736 ac
1924 1667 2259 1736 dioecesis
2303 1669 2506 1738 valde

377 1784 604 1854 notuS‚
663 1797 701 1841 a
742 1773 1101 1842 nativitate
1140 1783 1369 1842 mutus
1410 1774 1773 1843 exstiterat
1825 1785 2028 1866 atque
2068 1775 2345 1844 surdus,
2396 1780 2499 1846 16.

376 1884 683 1972 Utraque
722 1891 951 1948 autem
989 1881 1351 1949 infirmitas
1390 1892 1584 1950 tanta
1616 1882 1960 1950 evidentia
1991 1892 2058 1950 et
2088 1892 2226 1951 tam
2264 1893 2507 1973 paten-

374 1988 557 2057 tibus
588 1987 861 2057 indiciis
899 1998 1172 2079 poterat
1214 2012 1256 2057 a
1299 1989 1601 2080 quolibet
1640 1990 1932 2080 experiri
1971 2001 2049 2058 ut
2087 2014 2225 2058 non
2265 2000 2505 2082 posset

372 2096 441 2163 in
483 2097 691 2164 corde
735 2096 1024 2187 alicujus
1070 2096 1366 2165 fictionis
1409 2106 1528 2165 aut
1576 2096 1838 2165 fraudis
1882 2099 2247 2189 scrupulus
2291 2123 2502 2190 gene-

374 2391 433 2441 P.
466 2392 758 2443 Lemmcns
800 2391 910 2457 (ap.
952 2391 1240 2444 Romiscke
1281 2392 1740 2460 Quartalschrist‚
1787 2393 1975 2454 Rome,
2013 2393 2326 2458 Spithover‚
2361 2396 2501 2454 1902,

374 2489 424 2539 p.
456 2477 714 2535 fios-414),
752 2477 784 2525 a
829 2475 883 2525 la
931 2476 1074 2526 suite
1117 2474 1187 2525 de
1224 2472 1459 2526 BandIni
1493 2474 1697 2537 (Calai.
1739 2475 1912 2524 codic.
1962 2476 2060 2525 lat.
2110 2476 2214 2526 bib.
2249 2474 2502 2526 Medii-ea:

372 2554 778 2616 Laurentianus,
818 2556 916 2615 1V,
945 2559 1055 2605 322.
1088 2555 1371 2615 Florence,
1411 2556 1575 2619 1777),
1605 2555 1836 2620 pretend
1879 2557 1996 2605 elre
2026 2555 2100 2607 du
2131 2556 2285 2606 x111·
2315 2557 2500 2617 siecle,

373 2635 509 2685 mais
547 2648 659 2700 que
697 2637 954 2697 j'estime,
990 2638 1108 2687 tout
1149 2649 1220 2687 au
1252 2635 1397 2700 plus»,
1427 2635 1500 2686 du
1538 2637 2010 2687 commencement
2051 2635 2124 2686 du
2152 2637 2321 2697 xlv·,
2348 2663 2411 2674 —
2440 2650 2503 2687 ce

371 2717 498 2765 trait
526 2718 613 2766 est
653 2718 878 2766 raconte
909 2716 1051 2766 ainsi
1085 2716 1215 2780 qu'il
1245 2716 1385 2766 suit:
1420 2716 1488 2767 In
1516 2715 1743 2767 civitate
1775 2715 2068 2777 Ulia-bona,
2094 2716 2249 2779 fitius
2290 2717 2503 2767 sororis

368 2794 428 2846 B.
458 2796 707 2855 Antonii,
735 2796 833 2845 vix
860 2795 1244 2861 quinquennis,
1276 2810 1395 2846 cum
1425 2796 1557 2847 aliis
1583 2796 1863 2862 puer-isin
1892 2794 2039 2847 mari
2067 2794 2283 2857 lucitas,
2310 2811 2504 2847 eversa

369 2876 650 2937 navicula,
672 2876 806 2927 atii-3
829 2877 1174 2937 natantibus,
1197 2878 1312 2942 ipse
1332 2878 1484 2927 solus
1505 2881 1589 2928 est
1607 2877 1926 2927 submersus
1945 2879 2014 2933 et,
2031 2882 2160 2942 post
2182 2881 2292 2927 tres
2313 2877 2501 2937 hora-5,

370 2960 543 3007 mater
569 2970 871 3007 accurrens
915 2957 1094 3019 fitium
1133 2961 1405 3008 mortuum
1430 2971 1464 3007 a
1488 2958 1868 3023 piscatoribus
1915 2961 2135 3023 captum
2178 2958 2398 3022 recepit.
2433 2957 2504 3007 Et

370 3051 528 3102 qaum
574 3051 697 3087 eum
724 3041 887 3102 pater
919 3051 1041 3088 cam
1079 3038 1288 3089 caeteris
1332 3038 1493 3088 veltet
1524 3038 1745 3088 tradere
1774 3038 2087 3102 sepulturae,
2119 3036 2264 3089 dia-it
2293 3042 2501 3087 mater:

368 3118 473 3168 Aut
493 3132 705 3167 mecum
735 3117 1013 3179 dimittite,
1037 3121 1135 3168 aut
1157 3132 1241 3168 me
1261 3131 1383 3167 cum
1409 3118 1528 3183 ipso
1553 3118 1795 3183 sepelite.
1823 3116 1894 3168 Ec
1918 3131 2061 3179 mox,
2084 3131 2348 3168 conversa
2381 3133 2502 3168 cum

369 3198 622 3249 lacrimis
660 3198 737 3248 ad
766 3197 830 3249 Β.
859 3197 1173 3259 Antonium,
1205 3197 1386 3249 dclxii:
1412 3197 1618 3249 Frater
1646 3198 1739 3259 mi,
1771 3198 1864 3263 qui
1892 3198 1949 3248 in
1978 3198 2259 3249 extraneis
2289 3213 2345 3247 es
2371 3198 2500 3263 pius

370 3282 419 3328 et
447 3278 748 3340 mirabilis,
781 3277 1047 3343 numquit!
1076 3280 1258 3329 sorori
1284 3284 1385 3330 tuae
1410 3279 1522 3329 eris
1551 3279 1833 3329 crudelis?
1858 3277 1993 3329 Esto
2022 3292 2167 3329 nunc
2192 3282 2293 3328 tuce
2322 3279 2503 3329 sorori

364 3359 609 3426 propitia
640 3359 958 3424 (propitius)
989 3363 1040 3409 et
1066 3359 1233 3409 redde
1259 3359 1397 3409 mihi
1421 3359 1620 3422 fitium,
1650 3363 1702 3409 et
1728 3358 1990 3424 promitto
2023 3359 2123 3409 tibi
2149 3360 2291 3424 quod
2322 3361 2500 3424 ipsum

370 3440 426 3489 in
468 3439 664 3491 divino
711 3439 940 3490 servitio
988 3440 1208 3490 tradam
1246 3439 1434 3490 ordini
1473 3444 1582 3490 tuo.
1625 3438 1755 3489 Mox
1789 3453 1929 3505 puer
1955 3452 2130 3490 sanus
2168 3440 2414 3490 surrexit
2449 3443 2503 3489 et

369 3520 490 3585 ipsa
530 3521 791 3587 protinus
831 3520 906 3569 ad
953 3521 1129 3570 locum
1162 3521 1404 3585 fratrum
1450 3534 1572 3569 eum
1618 3520 1814 3576 duxim-
1855 3523 1908 3570 et
1950 3518 2199 3571 habitum
2244 3519 2503 3571 Fratrum

366 3600 643 3651 Minor-am
687 3601 900 3665 accepit
932 3603 986 3649 et
1019 3613 1188 3664 usque
1222 3602 1280 3651 in
1311 3600 1476 3662 linem
1521 3599 1859 3650 laudabilem
1903 3599 2075 3650 vitam
2114 3599 2292 3651 duxit.
2321 3628 2383 3637 —
2417 3602 2503 3651 On

369 3693 727 3746 remarquera
770 3693 897 3745 que,
937 3680 1078 3731 dans
1123 3694 1186 3731 ce
1234 3681 1369 3731 recit
1416 3680 1714 3741 anterieur,
1756 3679 1789 3729 il
1836 3680 1973 3729 n'esl
2014 3694 2117 3744 pas
2159 3694 2357 3730 encore
2403 3680 2503 3743 dit,

369 3775 579 3811 comme
626 3760 768 3811 dans
809 3760 859 3811 le
902 3761 1005 3810 Ms.
1043 3760 1180 3811 Pad.
1218 3764 1294 3820 74,
1331 3773 1440 3825 que
1490 3760 1716 3811 l'ensant
1757 3760 1894 3810 elait
1941 3762 2083 3809 mort
2124 3760 2317 3825 depuis
2365 3761 2503 3811 trois

358 3840 538 3905 jour-s,
572 3840 823 3905 lorsqu'il
857 3841 1033 3891 revint
1062 3842 1095 3890 a
1128 3840 1181 3891 la
1208 3841 1315 3891 vie.

427 3924 471 3971 1.
510 3922 638 3972 suit
667 3919 718 3971 le
749 3920 973 3971 miracle
1004 3920 1103 3971 des
1145 3921 1366 3971 cloches
1398 3919 1465 3971 de
1496 3919 1775 3971 Lisbonne
1816 3923 2055 3971 sonnant
2080 3923 2259 3970 toules
2290 3921 2496 3971 saules,

368 4001 441 4052 Le
472 4004 621 4052 texte
666 4015 735 4051 en
774 4004 859 4051 est
898 3999 1223 4063 semblable,
1256 4002 1386 4051 saus
1411 4000 1684 4065 quelques
1714 4001 1993 4050 variantes
2023 4001 2444 4061 insignifiantes,
2472 4004 2504 4051 a

368 4081 502 4131 celui
536 4081 607 4132 de
640 4079 942 4131 l'Additlon
970 4081 994 4131 1
1020 4080 1092 4131 du
1124 4081 1224 4131 Ms.
1261 4080 1329 4131 de
1357 4080 1626 4137 Lucerna,
1655 4080 1940 4144 reproduil
1965 4081 2088 4144 plus
2121 4082 2271 4130 haut.
2300 4082 2503 4130 Toute-

370 4162 488 4221 foi8‚
515 4177 587 4213 on
629 4161 807 4211 l'aura
852 4164 1163 4227 renumque,
1214 4162 1263 4212 le
1313 4161 1412 4211 Ms.
1461 4160 1529 4211 de
1580 4159 1806 4211 Padoue
1852 4160 1950 4210 fait
1992 4160 2257 4225 precedet·
2283 4175 2343 4210 ce
2375 4162 2504 4211 lrait

372 4241 686 4306 legendalre
717 4240 878 4292 d'une
909 4241 1239 4292 affirmation
1267 4241 1541 4302 nouvelle,
1573 4242 1606 4291 a
1638 4243 1824 4291 savoir
1850 4256 1957 4306 que
1989 4242 2037 4291 le
2069 4243 2203 4291 recit
2232 4255 2299 4291 en
2323 4243 2504 4291 aurait

372 4324 453 4373 ete
482 4323 583 4375 fait
613 4336 722 4374 aux
752 4323 923 4372 ireres
949 4335 1050 4388 par
1078 4322 1129 4373 le
1158 4320 1428 4388 pretendu
1458 4335 1633 4372 neveu
1658 4321 1730 4371 du
1763 4322 1938 4372 Saint.
