3109 4950
903 429 1283 476 Aomnons
1324 429 1415 475 nu
1457 430 1576 477 MS.
1624 430 1710 476 nn·
1751 427 2071 475 Lucanus
2428 409 2549 476 121

419 570 715 661 quadam
791 593 918 637 sua
992 569 1443 637 consessione.
1530 572 1634 638 14.
1716 571 1940 657 Quum
2016 568 2194 636 enim
2279 567 2554 660 quidam

420 676 823 745 Leonardus
871 677 954 744 de
1006 676 1239 744 Padua
1293 687 1531 744 sancto
1574 676 1873 744 Antonio
1928 675 2161 758 semel,
2200 674 2378 742 inter
2420 674 2554 741 alia

416 795 700 876 peccata
726 809 877 875 quae
911 784 1042 851 sibi
1072 784 1429 852 consessus
1459 785 1705 862 l'uerat,
1742 784 2093 852 retulisset
2122 781 2302 873 quod
2335 782 2552 872 pedess

417 903 858 983 percusserat
901 902 1185 959 matrem
1243 915 1462 970 suam,
1520 891 1722 983 quae‘*
1777 891 1846 958 in
1904 902 2157 958 terram
2215 888 2554 957 ceciderat

419 999 596 1065 malo
640 1021 914 1089 magnO,
941 1009 1222 1066 sanctus
1255 998 1599 1066 Antonius
1641 998 1799 1076 sibi,
1824 998 1892 1065 in
1934 997 2218 1088 spiritus
2259 997 2548 1075 fervore,

419 1105 632 1173 dixit:
681 1108 812 1173 Pes
849 1105 963 1196 qui
1006 1116 1289 1174 matrem
1320 1106 1425 1173 vel
1457 1115 1723 1197 patrem
1763 1105 2055 1196 percutit
2084 1105 2340 1195 dignus
2380 1105 2553 1171 soret

420 1213 736 1303 protinus
775 1212 1140 1303 amputari.

512 1321 616 1387 15.
667 1322 808 1386 Hoc
848 1329 1075 1386 autem
1106 1319 1212 1385 vir
1241 1318 1528 1410 simplex
1571 1342 1707 1386 non
1747 1328 1929 1386 recte
1973 1317 2393 1409 intelligenS,
2438 1317 2550 1385 do-

419 1448 599 1491 mum
630 1425 891 1492 concite
931 1425 1132 1493 rediit
1170 1425 1541 1516 pedemque
1583 1425 1930 1516 proprium
1973 1425 2151 1492 illico
2183 1425 2545 1493 mutilavit.

424 1535 526 1599 16.
560 1535 819 1599 Rumor
845 1557 1010 1600 vero
1042 1534 1214 1601 tanti
1254 1533 1528 1624 piaculi,
1564 1544 1780 1601 totam
1811 1532 2158 1600 civitatem
2192 1532 2551 1600 confestim

416 1639 807 1729 pervolanS,
840 1639 928 1707 ad
981 1663 1185 1707 aures
1230 1639 1436 1707 etiam
1481 1639 1702 1708 sancti
1751 1639 2031 1707 Antonii
2090 1650 2197 1707 est
2241 1638 2544 1720 delatus;

415 1745 529 1835 qui
594 1770 777 1824 mox,
845 1746 1071 1837 ipsum
1134 1769 1209 1814 sc
1288 1747 1744 1832 transferenS‚
1813 1746 2122 1813 oratione
2193 1745 2551 1836 praemissa

415 1852 663 1921 devota
703 1862 771 1920 et
810 1852 1037 1932 anxia,
1097 1853 1446 1944 conjunxit
1501 1853 1682 1920 cruri
1733 1863 2047 1920 truncum
2105 1852 2324 1943 pediS,
2369 1852 2551 1920 edito

417 1959 677 2049 pariter
745 1960 947 2050 signo
1007 1960 1252 2028 crucis,
1317 1964 1418 2029 17.
1467 1959 1785 2028 Mirabile
1846 1965 2072 2027 certe!
2137 1963 2361 2044 Quam
2417 1959 2550 2026 cito

418 2066 525 2132 vir
556 2066 683 2134 Dei
727 2066 1037 2134 eumdem
1091 2067 1331 2157 pedem
1383 2091 1507 2134 suo
1547 2067 1734 2134 cruri
1760 2067 2105 2158 apposuit,
2142 2067 2550 2156 signumque

419 2173 721 2240 crucifixi
745 2173 1058 2242 similiter
1088 2173 1325 2254 edidit,
1362 2174 1715 2265 sacrisque
1738 2175 1884 2242 suis
1910 2174 2225 2241 manibus
2257 2173 2550 2263 desuper

421 2280 816 2371 aliquandiu
856 2280 1225 2371 perlinivit,
1254 2292 1394 2349 tam
1434 2282 1570 2349 cito
1596 2305 1719 2372 pes
1759 2281 1907 2371 ipse
1945 2281 2042 2349 ita
2082 2279 2548 2348 consolidatus

419 2397 484 2454 et
514 2387 820 2455 insertus
860 2399 967 2455 est
1006 2388 1187 2455 cruri
1227 2388 1406 2480 quod
1466 2388 1701 2456 statim
1751 2388 2047 2455 surrexit
2087 2387 2286 2454 homo
2325 2387 2550 2453 alacer

416 2505 483 2563 et
530 2495 920 2575 incolumis,
963 2496 1323 2563 ambulans
1371 2507 1438 2564 et
1484 2496 1836 2575 exsiliens,
1887 2500 2238 2585 Deumque
2293 2495 2550 2562 collan-

415 2602 586 2669 dans
628 2613 697 2669 et
738 2602 1215 2693 magnificans,
1259 2613 1462 2693 atque
1512 2604 1886 2670 immensas
1940 2602 2205 2694 gratias
2248 2602 2551 2670 reserens

414 2718 480 2776 et
518 2709 881 2777 clamitans
922 2710 1126 2778 beato
1172 2710 1495 2791 AntoniO,
1537 2711 1652 2801 qui
1694 2734 1768 2777 se
1824 2709 1922 2777 sic
1973 2709 2253 2776 mirifice
2294 2719 2361 2776 et
2408 2719 2549 2776 tam

415 2815 495 2883 de
537 2815 718 2883 sacili
760 2816 1176 2906 reparavit¹.

505 2925 611 2991 18.
650 2925 877 3011 Quum
914 2922 1026 2991 ille
1065 2923 1452 2992 dominator
1491 2924 1828 3014 superbus
1860 2948 1939 2991 ac
1971 2924 2271 3015 perfidus
2304 2933 2373 2991 et
2402 2947 2546 2991 cru·

416 3029 586 3096 delis
626 3039 966 3119 tyrannus
1008 3030 1396 3109 Eccelinus,
1430 3030 1517 3097 de
1552 3035 1857 3098 Romano
1907 3029 2155 3109 dictus,
2199 3030 2268 3097 in
2298 3030 2549 3120 princi-

415 3136 525 3226 pio
565 3159 710 3203 sua}
750 3135 1163 3227 tyrannidiS,
1199 3136 1453 3204 caedem
1486 3137 1856 3204 hominium
1902 3137 2179 3205 fecisset
2217 3136 2548 3228 permaxi-

417 3266 594 3309 mam
649 3242 718 3309 in
758 3247 1035 3310 Verona
1062 3257 1113 3323 ⁰,
1166 3244 1550 3334 percipiens
1592 3244 1717 3311 hoc
1758 3254 2041 3312 sanctus
2083 3243 2424 3311 Antonius
2478 3243 2545 3310 in

418 3349 675 3435 Padua,
718 3349 1101 3439 intrepidus
1132 3350 1218 3418 ad
1259 3351 1483 3440 ipsum
1523 3351 1593 3418 in
1633 3351 1869 3418 eadem
1903 3351 2072 3418 urbe
2112 3350 2411 3442 positum
2450 3350 2546 3417 ire

416 3455 869 3545 personaliter
915 3456 1304 3525 attentavit.
1370 3461 1473 3524 19.
1524 3459 1743 3544 Quem
1789 3457 2110 3525 videlicet
2160 3458 2267 3525 his
2316 3457 2546 3524 verbis

418 3561 849 3653 aggreditur,
892 3561 1126 3630 dicens
1172 3587 1186 3629 ε
1233 3565 1293 3632 Ο
1333 3563 1604 3631 inimice
1646 3564 1796 3643 Dei,
1838 3575 2129 3655 tyranne
2165 3563 2546 3631 saevissime

417 3680 482 3736 et
533 3668 773 3737 rabide
831 3669 1021 3737 canis
1043 3669 1104 3752 d,
1149 3694 1501 3761 quousque
1557 3671 1964 3761 sanguinem
2018 3670 2548 3738 christianorum

468 3904 511 3936 a.
541 3892 685 3937 Texte
708 3903 829 3937 cum
850 3893 993 3949 pede.
1022 3916 1075 3926 —
1104 3893 1147 3938 b.
1179 3894 1321 3939 Texte
1349 3896 1499 3950 quod.
1525 3916 1579 3928 —
1608 3907 1651 3940 c.
1683 3893 1752 3940 Le
1783 3896 1900 3940 texte
1930 3895 1984 3939 de
2014 3893 2222 3940 Lucerne
2252 3895 2466 3939 intercale
2491 3894 2550 3939 lei

418 3966 476 4007 et.
496 3987 549 3997 —
571 3965 621 4008 d.
647 3963 792 4008 Texte
817 3963 956 4009 rabie
977 3965 1137 4010 canis.

480 4128 525 4174 1.
553 4123 637 4175 Cf.
670 4124 721 4175 le
752 4125 906 4187 recit,
952 4125 1192 4191 quelque
1221 4140 1329 4191 peu
1358 4126 1615 4178 different
1655 4141 1794 4193 pour
1837 4127 1918 4179 les
1953 4127 2173 4189 details,
2205 4129 2331 4194 qu'a
2366 4127 2547 4179 donne

425 4202 571 4342 Ἕω
596 4204 830 4269 prodige
873 4205 1012 4257 Jean
1045 4205 1279 4270 Bigauld
1323 4207 1466 4274 (cap.
1501 4209 1644 4271 VII3
1683 4207 1769 4259 ed.
1803 4207 1876 4259 du
1919 4209 1983 4261 P.
2019 4208 2352 4271 Ferdinand,
2385 4222 2438 4274 p.
2469 4212 2547 4270 74,

427 4285 448 4330 7
505 4321 517 4333 .
