3109 4950
894 437 954 483 8.
1009 435 1296 483 Ani-olm
1342 435 1669 482 Lectum
1715 433 1959 494 pann,
2012 416 2099 482 40
2438 416 2561 483 105

424 581 599 647 Erat
628 577 809 647 enim
833 576 926 646 ibi
956 576 1065 644 vir
1085 589 1118 621 ‘⁸
1150 574 1492 667 quidam⁶‚
1523 573 1920 644 Dominicus
1949 572 2246 656 nomine,
2281 573 2422 666 qui,
2450 573 2560 641 die

423 685 748 777 quadam,
769 709 808 752 a
826 684 1027 752 domo
1045 708 1195 764 sua,
1215 693 1291 752 ut
1314 681 1543 775 operis
1583 680 1930 773 quidpiam
1961 690 2201 772 ageret
2222 693 2274 762 0,
2300 679 2559 762 exiens,

423 793 786 885 parvulum
817 792 1027 859 filium
1066 815 1102 858 e
1140 790 1443 883 vestigio
1467 789 1504 833 θ
1542 788 1856 858 comitem
1887 787 2148 857 habuit.
2193 791 2257 858 7.
2301 790 2562 876 Quum-

424 924 554 991 que
604 923 644 968 a
683 898 1025 968 domicilio
1081 922 1206 966 suo
1255 898 1607 990 paululum
1646 895 2080 984 recessisset,
2135 907 2320 964 retro
2365 919 2562 989 spec-

424 1019 583 1075 tans
605 1020 632 1051 ⁶
663 1007 999 1074 neminem
1028 1004 1275 1074 adesse
1304 1003 1607 1074 videbat.
1639 1006 1733 1072 At
1761 1004 1873 1072 ille
1906 1004 2356 1096 stupefactus,
2389 1013 2558 1072 atto-

424 1113 647 1182 nitiss
684 1113 1207 1203 circumquaque
1230 1111 1602 1180 luminibus
1629 1133 1970 1202 quaerenS,
1991 1110 2230 1179 circuit
2260 1125 2386 1179 acS
2413 1122 2559 1179 tan·

426 1221 580 1289 dem
636 1220 1067 1287 submersum
1097 1219 1167 1285 in
1205 1219 1359 1288 lacu
1400 1217 1694 1309 quodam
1738 1218 1950 1285 filium
1990 1217 2265 1308 reperit.
2308 1221 2374 1287 8.
2419 1220 2561 1285 Ex-

422 1337 720 1395 tractum
748 1350 913 1394 vero
945 1349 1227 1416 puerum
1259 1325 1489 1394 infelix
1518 1335 1715 1416 pater
1746 1326 1946 1393 matri
1976 1325 2387 1393 exstinctum
2418 1335 2560 1393 tra-

424 1433 693 1519 didit¹=;
738 1434 887 1514 sed,
930 1434 1108 1501 facto
1137 1433 1158 1476 1'
1203 1433 1563 1501 confestim
1609 1442 1797 1514 voto,
1854 1432 2238 1501 beatissimi
2278 1432 2557 1500 Antonii

423 1541 689 1609 meritis
728 1541 960 1608 vivum
991 1541 1248 1632 recepit
1266 1540 1318 1608 J.

967 1984 1087 2042 40.
1118 1985 1224 2042 De
1252 1983 1453 2043 vitro
1485 1985 1934 2043 conservato
1965 1977 2016 2039 ἢ.

516 2299 574 2362 1.
622 2293 827 2361 Miles
867 2292 1145 2385 quidam
1171 2291 1255 2360 de
1285 2292 1706 2372 Salvaterra,
1759 2291 2217 2361 Aleardinusl
2257 2295 2552 2382 nomine,

418 2424 652 2493 quum,
679 2400 767 2468 ab
796 2401 1137 2467 ineuntem
1169 2408 1373 2467 aetate
1404 2399 1725 2467 haeretica
1746 2398 2086 2491 pravitate
2108 2399 2416 2481 delusus,
2447 2401 2556 2469 die

370 2569 375 2575 .
418 2509 741 2600 quadam,
785 2517 945 2599 post
982 2507 1242 2575 obitum
1285 2507 1532 2588 sancti,
1576 2529 1727 2574 cum
1767 2531 1976 2575 uxore
2018 2532 2142 2576 sua
2184 2532 2263 2576 ac
2301 2509 2558 2577 familia

418 2640 552 2684 non
590 2640 809 2707 parva
870 2615 1171 2683 Paduam
1225 2613 1650 2693 advenisset,
1708 2614 2126 2683 constitutus
2180 2615 2249 2682 in
2289 2640 2550 2696 mensa,

418 2747 624 2814 super
676 2722 1052 2802 miraculis,
1109 2722 1292 2790 beati
1340 2721 1618 2788 Antonii
1668 2721 1961 2799 meritis,
2003 2722 2303 2790 fidelium
2347 2722 2555 2790 devo·
2599 2740 2608 2747 “

418 2830 584 2898 tioni
641 2828 992 2907 exhibitis,
1045 2852 1197 2895 cum
1253 2827 1523 2896 caeteris
1579 2828 2076 2918 prandentibus
2135 2828 2551 2898 conserebat.

416 2941 484 3004 2.
520 2940 884 3027 Quumque
924 2958 1085 3004 vere
1127 2945 1438 3003 sanctum
1481 2935 1606 3003 Dei
1643 2935 1920 3004 beatum
1951 2935 2326 3004 Antonium
2356 2936 2499 3004 sore
2524 2950 2554 2980 '⁸

418 3043 644 3112 caeteri
676 3042 1169 3123 asseruissent,
1196 3053 1529 3110 evacuato
1553 3066 1754 3133 quem
1784 3042 1855 3110 in
1884 3043 2200 3111 manibus
2220 3058 2248 3085 ⁰
2280 3044 2557 3112 tenebat

417 3152 665 3242 cyatho
730 3150 953 3218 vitreo
980 3163 1045 3229 Ρ,
1105 3149 1176 3217 in
1241 3150 1388 3218 haec
1455 3149 1664 3218 ferme
1729 3150 1995 3219 verba‘l
2052 3150 2408 3240 prorupit:
2482 3151 2554 3219 Si

418 3258 739 3348 cyathum
807 3257 986 3324 hunc
1026 3257 1317 3326 illaesum
1366 3258 1753 3326 servaverit
1794 3280 1994 3350 quem
2033 3279 2158 3325 vos
2208 3267 2553 3325 sanctum'

418 3363 672 3445 dicitis,
707 3377 909 3432 vera⁸
938 3364 1083 3432 fore
1124 3364 1398 3432 credam
1430 3388 1580 3456 quae
1630 3362 1713 3432 de
1750 3365 1903 3455 ipso
1933 3363 2097 3431 mihi
2136 3361 2552 3454 persuadere

464 3601 509 3632 a.
532 3588 669 3633 Paris
692 3588 774 3632 vir
799 3587 883 3632 ibi.
899 3611 952 3619 —
976 3587 1020 3632 b.
1044 3588 1176 3632 Paris
1199 3600 1288 3632 om.
1311 3588 1537 3643 quidam.
1555 3612 1609 3620 —
1629 3600 1672 3633 c.
1695 3588 1808 3632 Luc.
1826 3588 2084 3645 quispiam
2115 3590 2393 3643 perimeret.
2422 3610 2476 3619 -
2505 3587 2554 3631 d.

416 3660 545 3704 Paris
569 3672 659 3703 om.
690 3672 717 3703 e
749 3659 972 3715 oestiyio.
996 3683 1051 3691 —
1079 3671 1120 3703 e.
1147 3660 1278 3703 Paris
1304 3660 1695 3714 introspectum.
1719 3683 1772 3692 —-
1798 3661 1832 3716 f.
1860 3659 1993 3703 Paris
2019 3658 2277 3704 attonitus.
2302 3682 2356 3690 —-
2376 3672 2423 3713 9.
2452 3659 2555 3702 Alc.

414 3731 491 3776 286
513 3733 580 3774 at.
603 3753 656 3761 —
687 3731 737 3774 h.
766 3730 899 3774 Paris
928 3730 1163 3774 reddidit.
1195 3753 1248 3761 —
1290 3730 1320 3773 i.
1348 3729 1461 3775 Luc.
1501 3730 1656 3786 sacta.
1693 3753 1748 3762 —
1776 3730 1816 3784 j.
1850 3731 1914 3773 Ici
1942 3732 1984 3773 le
2012 3730 2102 3774 Ms.
2130 3730 2241 3774 Pad.
2268 3730 2316 3775 74
2343 3729 2557 3774 intercale

416 3813 471 3845 un
506 3802 738 3856 chapitre:
767 3801 837 3845 Dc
866 3800 1089 3845 liberatis
1129 3814 1156 3845 a
1183 3801 1414 3857 periculo
1438 3801 1636 3846 montis.
1669 3802 1728 3845 1η
1762 3800 1965 3845 civitate
1990 3801 2264 3856 Monopoli,
2293 3801 2369 3857 qui
2409 3813 2464 3844 ue
2507 3814 2557 3845 se

414 3876 565 3916 trouve
582 3884 666 3928 pas
682 3873 796 3915 dans
814 3873 882 3914 tes
897 3874 1050 3915 autres
1068 3872 1182 3916 mss.
1200 3874 1256 3916 de
1275 3874 1316 3915 Ιι
1333 3873 1541 3928 leqenda
1555 3873 1730 3928 prima
1747 3876 2037 3927 proprement
2052 3873 2158 3921 dite,
2176 3874 2292 3916 mais
2305 3872 2560 3917 seulement

416 3944 523 3986 dnus
547 3945 589 3987 le
618 3944 787 3986 recueil
822 3943 1071 3986 d’Anoone.
1103 3942 1234 3987 Nous
1272 3956 1329 3986 en
1354 3945 1610 3987 donnerons
1646 3945 1687 3986 lo
1713 3947 1831 3987 texto
1861 3946 1965 3999 plus
1991 3945 2096 3991 loin.
2130 3944 2157 3986 ὲ
2186 3943 2479 3999 l'appendicc.
2504 3966 2558 3975 ·-

419 4014 460 4057 h.
487 4014 618 4058 Puris
643 4015 712 4058 De
736 4013 970 4058 heretico
1005 4026 1260 4059 converso.
1287 4037 1339 4046 —
1365 4016 1396 4059 1.
1434 4016 1539 4059 Alc.
1565 4016 1647 4060 ‘286
1675 4015 2039 4059 Adelardinus.
2081 4014 2194 4059 Luc.
2222 4015 2555 4059 Adlardinus.

421 4084 546 4129 Puris
569 4085 904 4130 odelhardus.
929 4108 983 4117 —
1010 4097 1079 4129 m.
1104 4086 1209 4130 Alc.
1234 4086 1315 4130 286
1338 4086 1505 4130 adhuc
1540 4086 1762 4131 ineunte.
1793 4086 1926 4130 Paris
1952 4089 2012 4131 ab
2038 4087 2247 4131 ineunti.
2278 4110 2330 4118 —
2351 4098 2400 4130 n.
2425 4085 2556 4129 Paris

423 4155 523 4208 fore
558 4156 857 4200 Antonium.
882 4178 937 4187 -
959 4167 1005 4199 o.
1033 4156 1136 4200 Alc.
1158 4158 1241 4201 ⁴286
1265 4167 1416 4210 (tutem
1442 4157 1696 4201 manibus.
1727 4157 1861 4201 Paris
1903 4169 2052 4212 quern
2091 4170 2263 4201 manu.
2288 4181 2340 4189 —
2371 4170 2423 4212 p.
2449 4157 2558 4200 Alc.

422 4226 497 4270 286
525 4239 611 4270 om.
640 4227 816 4271 vitreo.
859 4248 916 4259 -
955 4239 1002 4283 q.
1030 4226 1161 4271 Puris
1188 4228 1239 4271 in
1269 4230 1374 4273 teaec
1411 4228 1672 4273 sententiae
1708 4230 1873 4274 verba.
1905 4252 1959 4262 —-
1989 4242 2027 4274 r.
2064 4228 2194 4273 Puris
2231 4229 2332 4273 add.
2356 4240 2478 4274 esse.
2503 4252 2556 4261 —

424 4308 463 4342 ε.
489 4298 585 4343 Alc.
609 4299 691 4345 286
726 4310 859 4345 vere.
