3109 4950
759 473 820 520 s,
871 473 1160 520 ΑΝτοΝιι
1211 474 1535 521 Laesum
1586 480 1619 516 «
1666 472 2089 521 nsmomns
2131 478 2166 515 »
2395 454 2525 519 215

389 612 727 703 profunda
780 622 849 680 et
907 612 1073 693 alta,
1134 613 1592 682 mediocribus
1634 612 2002 681 mediocria
2059 611 2522 704 impendebat,

389 718 645 786 infimis
675 719 905 810 plana,
948 721 1148 810 quasi
1186 720 1581 811 palpabilia,
1622 720 1770 789 luce
1811 720 2066 789 clarius
2110 718 2523 787 disserebat.

389 830 457 895 6.
525 826 726 894 Nulla
772 851 1060 918 prorsus
1122 827 1439 896 flectebat
1488 851 1642 895 eum
1704 850 2153 919 personarum
2192 825 2524 917 acceptio,

392 932 578 1001 nulla
606 933 864 1001 favoris
896 934 1236 1002 mulcebat
1266 934 1604 1003 adulatio¹
1639 934 1747 1002 vel
1778 933 2145 1026 aliquando
2174 932 2527 1024 popularis

393 1039 768 1108 enervabat
794 1041 1048 1131 opinio.
1084 1045 1149 1111 7.
1187 1040 1345 1121 Sed,
1379 1041 1667 1133 loquens
1706 1040 1979 1132 magnis
2011 1040 2160 1109 sive
2187 1039 2522 1132 parvulis,

394 1146 692 1239 singulis
729 1172 943 1239 aequae
971 1148 1289 1217 veritatis
1324 1148 1551 1240 jaculo
1582 1148 1938 1240 aequaliter
1968 1147 2329 1216 veritatem
2360 1170 2522 1214 nun-

391 1254 635 1323 tiabat.
678 1257 744 1323 8.
796 1254 995 1323 Unde
1036 1255 1399 1324 videbatur
1449 1255 1649 1346 quasi
1701 1256 1875 1323 alter
1921 1254 2138 1335 Elias,
2195 1253 2338 1321 zelo
2397 1253 2523 1323 Dei

391 1362 694 1447 fervens,
734 1363 848 1453 qui
880 1362 1177 1430 surrexit
1206 1362 1274 1429 in
1303 1361 1545 1430 diebus
1578 1362 1725 1431 suis
1761 1373 2087 1454 tanquam
2118 1361 2329 1452 ignis,
2364 1360 2524 1452 quia

390 1469 687 1537 famulus
726 1469 1022 1550 Domini,
1056 1469 1517 1538 inflammatus
1557 1480 1625 1537 et
1663 1493 1994 1538 accensus
2047 1469 2209 1560 igne
2260 1467 2523 1536 fervido

391 1575 692 1668 Spiritus
723 1577 968 1655 sancti,
1001 1576 1214 1645 verbo
1246 1600 1371 1645 suo
1409 1576 1724 1662 mirificO,
1758 1577 2005 1645 calenti
2035 1587 2240 1668 atque
2269 1574 2518 1667 ignito,

388 1684 658 1753 calebat
693 1708 772 1752 ac
809 1684 1054 1752 urebat
1083 1684 1501 1752 audientium
1534 1684 1741 1753 corda
1778 1683 2107 1775 tepentia,
2147 1682 2519 1775 torpentia,

386 1790 643 1883 frigida
686 1800 753 1859 et
790 1792 1108 1860 obscura.

1405 2094 1513 2191 ι.

480 2365 539 2430 1.
588 2361 819 2453 Digne
867 2360 1139 2453 quidem
1175 2361 1284 2428 vir
1328 2361 1486 2440 iste,
1529 2361 1600 2428 in
1645 2384 1843 2429 sacra
1881 2360 2138 2452 pagina
2197 2360 2520 2429 eruditis·

387 2468 632 2546 simus,
675 2468 773 2537 ita
810 2494 932 2561 per
971 2467 1489 2560 acquisitionem
1525 2467 1637 2536 vel
1678 2468 2233 2538 exercitationem
2275 2467 2519 2561 gratiae

387 2577 687 2669 Spiritus
743 2576 989 2656 sancti,
1034 2576 1195 2667 quia
1240 2586 1421 2643 certe
1463 2600 1675 2644 unum
1726 2576 2002 2644 minime
2055 2577 2180 2645 fuit
2224 2576 2372 2644 sine
2420 2576 2522 2644 al·

385 2694 558 2770 tem,
604 2707 765 2751 arca
803 2682 1245 2752 testamenti-“³
1281 2682 1538 2751 veteris
1578 2693 1646 2750 et
1683 2683 1844 2751 novi
1883 2683 2105 2775 potuit
2152 2684 2513 2751 nominari.

385 2794 447 2858 2.
498 2794 699 2870 Nam,
754 2790 932 2857 sicut
978 2790 1093 2880 qui
1142 2789 1315 2858 bene
1378 2800 1719 2858 noverunt
1787 2800 1855 2858 et
1913 2814 2181 2881 semper
2234 2814 2384 2859 cum
2440 2814 2520 2858 eo

385 2897 776 2966 conversati
840 2897 1110 2964 fuerunt
1166 2920 1493 2988 expresse
1546 2897 1786 2966 testati
1846 2907 2008 2964 sunt
2029 2911 2087 2979 ⁰,
2140 2898 2241 2965 sic
2292 2898 2519 2988 ipsum

437 3117 482 3150 a.
509 3104 655 3148 Tene
682 3105 742 3147 du
773 3103 863 3148 ΜΒ.
891 3102 1025 3148 sicut
1066 3103 1155 3159 qui
1185 3103 1306 3148 bene
1334 3107 1583 3149 noverunt
1615 3114 1849 3159 expresse
1883 3102 2050 3148 testati
2082 3106 2202 3149 sunt
2235 3106 2282 3148 et
2320 3115 2521 3159 semper

386 3187 504 3221 cum
523 3187 581 3220 eo
601 3174 886 3220 conversati
907 3174 1117 3230 fuerumt
1130 3188 1147 3227 ,-
1171 3186 1223 3218 ce
1246 3174 1323 3231 qui
1354 3177 1427 3220 est
1449 3186 1537 3219 une
1576 3175 1879 3219 lutei-version
1903 3174 2270 3220 manifestement
2295 3172 2518 3231 §chappee

386 3260 443 3291 au
464 3248 654 3303 copiste.

451 3428 494 3476 1.
523 3424 694 3476 Nulla
716 3439 1013 3491 prorsus...
1042 3426 1258 3490 favoris
1282 3425 1591 3476 mulcebat:
1616 3425 1821 3490 phrase
1850 3438 1919 3476 en
1942 3424 2124 3490 partie
2157 3425 2415 3477 textuelle
2443 3425 2519 3476 du

390 3504 681 3571 Dialogm,
723 3505 810 3557 ed.
850 3505 1159 3567 LemmenS,
1193 3519 1245 3570 p.
1285 3509 1331 3567 7,
1367 3508 1422 3556 et
1459 3506 1528 3556 de
1568 3506 1623 3556 la
1664 3505 1898 3571 legenda
1933 3505 2136 3570 prima,
2178 3506 2263 3570 (V.
2306 3519 2515 3571 supra:

390 3586 518 3652 Leg.
557 3587 761 3651 prima,
796 3589 875 3643 10,
905 3595 961 3635 n⁰
988 3588 1057 3645 6).

448 3672 495 3717 2.
532 3666 610 3717 Le
633 3667 906 3730 fragment
934 3665 978 3716 L
1003 3679 1062 3715 se
1092 3668 1355 3730 rapporte
1385 3680 1455 3716 au
1486 3669 1955 3717 commencement
1983 3666 2058 3716 du
2083 3667 2332 3731 chapitre
2367 3667 2436 3718 de
2465 3666 2520 3718 la

387 3746 619 3813 legenda
661 3747 889 3812 prima:
918 3746 1000 3797 De
1041 3747 1197 3811 fama
1243 3746 1362 3811 ejus
1405 3750 1456 3796 ec
1504 3747 1751 3809 efficacia
1787 3746 2205 3811 praedicationis
2241 3747 2359 3813 ejus
2395 3748 2517 3811 (ΜΒ.

388 3828 581 3878 Paris:
611 3826 691 3877 De
723 3827 1195 3877 commendatione
1217 3827 1635 3892 proedicalionis
1662 3828 1820 3891 ejus),
1867 3828 1936 3877 οὐ
1986 3827 2024 3877 ἰΙ
2068 3829 2153 3877 est
2198 3827 2280 3877 dit
2318 3829 2520 3893 qu’An-

386 3909 532 3958 toine
561 3908 770 3971 precha
795 3906 1001 3957 devant
1032 3908 1084 3958 le
1105 3921 1248 3973 pape
1288 3910 1344 3958 et
1366 3907 1445 3957 les
1476 3907 1777 3957 cardinaux
1810 3908 1896 3971 (V.
1927 3919 2129 3971 supra:
2161 3907 2290 3973 Leg.
2313 3908 2517 3974 prima,

386 3988 1053 4118 ¹⁰33.nA1-¹ccistte2³.e)amenli:
1084 4068 1407 4132 expression
1439 4067 1534 4132 qui
1560 4081 1620 4118 se
1648 4070 1840 4118 trouve
1870 4067 1992 4128 deja
2031 4067 2171 4118 dans
2200 4068 2254 4118 la
2285 4068 2519 4133 legenda

380 4148 568 4213 prima
599 4147 688 4210 (V.
723 4160 929 4212 supra:
981 4147 1109 4212 Leg.
1137 4147 1340 4211 prima,
1384 4150 1460 4208 10,
1511 4158 1568 4197 n·
1598 4151 1668 4208 2),
1697 4148 1748 4197 le
1796 4146 2068 4212 Dialogus
2115 4151 2190 4214 (p.
2228 4151 2295 4206 7),
2331 4148 2517 4199 Pierre

390 4228 672 4291 Raymond
700 4227 814 4292 (ed.
841 4228 995 4288 Josa,
1029 4240 1088 4291 p.
1115 4227 1217 4291 90),
1243 4227 1385 4277 Jean
1415 4226 1672 4290 Rigauld‚
1700 4241 1825 4293 cap.
1851 4227 1982 4277 VIII
2010 4227 2117 4291 (ed.
2141 4226 2213 4278 du
2243 4226 2301 4278 Ρ.
2326 4228 2518 4278 Perdi-

387 4307 556 4371 nand,
586 4320 643 4373 p.
665 4308 765 4371 80).
