3109 4950
505 395 592 464 58
968 415 1030 463 s.
1081 414 1372 462 immun
1419 414 1741 462 Leonum
1791 416 2033 477 raum,
2090 397 2172 464 18

508 775 621 836 18.
668 777 774 835 De
828 776 1203 835 clamoren
1238 788 1636 847 puerorum
1684 777 1760 834 et
1799 774 2051 846 populi
2103 788 2469 835 concursu
2490 771 2518 815 b
2559 779 2636 836 et

620 875 931 946 planctu
960 882 1009 931 ⁶.

599 1193 659 1258 1.
704 1188 1061 1257 Fratribus
1090 1188 1304 1281 igitur
1335 1188 1841 1257 studiosissime
1883 1189 1968 1257 ab
2008 1189 2352 1257 extraneis
2384 1200 2452 1257 et
2490 1189 2634 1257 abd

505 1296 741 1364 amicis
806 1319 886 1365 ac
952 1296 1134 1365 notis
1210 1297 1650 1365 cautissime⁶
1723 1296 1984 1364 felicem
2051 1296 2199 1386 ejus
2268 1298 2632 1364 transitum

503 1403 911 1481 celantibuS‚
959 1427 1041 1470 ne
1078 1402 1454 1471 videlicets
1495 1403 1896 1495 populorum
1934 1403 2385 1494 frequentium
2412 1419 2449 1461 ὅ
2480 1428 2635 1494 pre-

500 1510 895 1580 merenturl⁸
951 1510 1255 1590 incursu,
1310 1511 1527 1600 pueri,
1594 1535 1716 1601 per
1778 1511 2126 1579 civitatem
2180 1511 2637 1578 catervatim?

496 1617 916 1696 incedenteS‚
989 1617 1378 1685 clamabant
1444 1617 1749 1685 dicentes
1785 1642 1799 1685 ε
1871 1621 2187 1685 Mortuus
2263 1628 2373 1685 est
2439 1627 2636 1709 pater

501 1735 826 1802 sanctus;
871 1735 1177 1791 mortuus
1210 1733 1318 1791 est
1350 1735 1632 1792 sanctus
1666 1724 2047 1792 Antonius¹
2082 1729 2095 1790 !

588 1836 653 1899 2.
690 1831 1069 1898 Audientes
1109 1830 1380 1898 autem!
1424 1831 1568 1899 haec
1608 1831 1888 1921 populik
1930 1830 2378 1921 glomeratis!
2416 1831 2638 1922 agmi-

500 1940 703 2008 nibus
763 1938 851 2005 ad
909 1938 1169 2007 Cellam
1222 1949 1506 2005 currunt
1552 1948 1641 2019 et,
1702 1938 1872 2006 artis
1921 1963 2065 2005 suae
2115 1938 2387 2027 penitus
2443 1938 2635 2006 obliti

502 2047 697 2138 cujus
777 2045 1107 2113 beneficio
1184 2045 1439 2113 victum
1517 2045 1840 2135 consequi
1914 2044 2343 2127 debuissent,
2438 2045 2636 2135 quasi

503 2167 737 2244 apesm
777 2153 997 2220 locum
1031 2151 1317 2220 fratrum
1358 2152 1803 2219 circumdant.
1857 2145 1923 2220 3'.
1967 2155 2118 2220 Prae
2172 2152 2442 2219 caeteris
2472 2176 2637 2219 vero

504 2261 691 2329 cives
732 2259 848 2351 qui
878 2261 1105 2349 Caput
1136 2259 1415 2326 Ροιιιὶε,82
1443 2258 1833 2327 inhabitant
1870 2259 1939 2325 in
1971 2258 2406 2326 multitudine
2438 2258 2636 2349 gravi

505 2377 573 2435 et
632 2366 911 2458 copiosa
964 2365 1239 2433 sortium
1290 2366 1649 2456 juventute
1678 2379 1708 2408 η
1749 2366 1939 2433 ocius
1988 2365 2314 2433 advolant
2364 2375 2431 2432 et
2483 2388 2638 2432 mox

507 2485 773 2543 armata
805 2499 1010 2542 manu
1042 2474 1362 2542 custodes
1402 2472 1473 2540 in
1505 2496 1681 2565 gyro
1710 2485 1993 2565 ponunt.

593 2585 660 2650 4.
726 2580 1000 2648 Adsunt
1050 2580 1335 2671 proinde
1373 2580 1505 2648 viri
1547 2580 1901 2672 religiosi3
1961 2581 2146 2649 ruit⁰
2177 2581 2378 2649 turba
2433 2604 2638 2648 sexus

506 2689 876 2780 promiscui
899 2703 961 2768 Ρ,
972 2688 1263 2779 juvenes
1281 2711 1360 2756 ac
1375 2703 1405 2745 ’1
1423 2688 1763 2780 virgines,
1793 2713 1940 2755 cnm
1957 2688 2346 2779 junioribus
2361 2712 2561 2755 senes
2583 2700 2634 2763 Γ,

505 2820 761 2887 parvus
794 2805 860 2862 et
890 2819 1210 2886 magum,
1245 2795 1417 2862 liber
1457 2804 1524 2862 et
1569 2819 1838 2862 servus.
1884 2801 1946 2864 5.
1994 2797 2253 2863 Omnes
2306 2819 2444 2862 una
2471 2817 2639 2862 voce

506 2914 574 2971 et
620 2902 926 2970 unanimi
954 2902 1231 2970 ³cordis
1272 2901 1727 2970 amaritudine
1781 2902 2150 2970 lamentum
2205 2911 2484 2969 sumunt
2533 2908 2640 2967 tet

506 3010 692 3100 pium
734 3009 983 3076 mentis
1037 3009 1353 3077 affectum
1395 3008 1862 3099 multiplicatis
1911 3008 2282 3100 gemitibus
2339 3007 2637 3075 collacri-

509 3128 776 3186 mantes
808 3116 1202 3186 ostendunt.
1249 3120 1315 3187 6.
1366 3117 1544 3204 Qu0‚
1613 3116 1951 3208 inquiunt,
1996 3115 2404 3184 irrediturus
2457 3116 2633 3196 abis,

563 3353 608 3385 a.
635 3341 748 3385 Pad.
771 3340 1149 3386 acclamatione.
1168 3362 1218 3375 -
1257 3340 1300 3384 b.
1328 3340 1436 3385 Nat.
1476 3341 1608 3387 14363
1641 3352 1874 3385 occursu.
1898 3370 1947 3379 -
1975 3352 2018 3385 c.
2041 3339 2175 3384 Paris
2204 3340 2464 3393 Quomodo
2499 3341 2641 3382 tran-

508 3411 638 3457 situs
669 3412 795 3456 beati
815 3411 912 3456 viri
931 3412 1118 3468 populo
1139 3411 1373 3457 innotuit.
1402 3436 1456 3445 -
1488 3413 1537 3457 d.
1571 3411 1687 3456 Luc.
1718 3424 1807 3456 om.
1838 3411 1914 3455 ab.
1940 3434 1992 3446 —
2014 3423 2055 3454 e.
2081 3410 2195 3454 Luc.
2217 3422 2307 3454 om.
2330 3410 2639 3455 cautissime.

506 3512 560 3524 ..
591 3484 626 3538 f.
650 3482 785 3527 Paris
815 3483 1024 3528 scilicet.
1061 3498 1115 3511 -
1141 3495 1187 3538 9.
1212 3482 1323 3527 Pad.
1358 3483 1808 3538 frequentantium.
1838 3498 1891 3509 -
1928 3484 1976 3525 h.
2000 3483 2103 3525 Alc,
2124 3481 2205 3526 286
2230 3485 2562 3537 premeretur.
2587 3497 2643 3508 -

509 3555 543 3600 ἰ.
566 3553 701 3598 Paris
723 3554 1019 3599 catervatim
1036 3564 1131 3609 per
1154 3553 1426 3598 civitatem.
1460 3576 1510 3587 —
1525 3554 1565 3608 j.
1590 3554 1723 3597 Paris
1746 3566 1835 3597 om.
1867 3555 2051 3597 autem.
2079 3568 2133 3581 —
2163 3552 2209 3596 k.
2230 3552 2335 3596 Alc.
2355 3554 2436 3598 ς286
2455 3552 2557 3597 add.
2578 3554 2640 3596 et.

506 3649 561 3659 —
591 3625 622 3670 1.
643 3626 749 3671 Alc.
769 3625 850 3670 293
870 3624 1194 3681 conqloban's.
1230 3624 1365 3675 Luc.‚
1386 3624 1498 3669 Pad.
1524 3636 1567 3668 et
1592 3625 1725 3668 Paris
1754 3623 2158 3680 confllomeralis.
2182 3640 2235 3651 -
2261 3636 2330 3667 m.
2354 3623 2466 3667 Pad.
2495 3634 2640 3678 apex.

505 3720 559 3730 —
587 3710 638 3741 n.
661 3697 796 3741 Paris
824 3697 1029 3754 copiosa
1053 3695 1304 3750 ,iuvenum
1338 3696 1653 3751 fortitudine.
1693 3716 1746 3728 -
1776 3709 1821 3740 o.
1847 3695 1961 3739 Luc.
1989 3696 2139 3740 aruit.
2178 3717 2230 3729 —
2256 3708 2310 3752 p.
2334 3694 2467 3738 Paria
2487 3697 2643 3738 ruunt

506 3780 658 3813 sexus
677 3768 975 3824 promiscui.
1000 3790 1052 3803 -
1072 3779 1119 3823 q.
1144 3767 1278 3811 Paris
1309 3766 1465 3811 simul
1500 3772 1561 3812 ct.
1588 3789 1639 3801 —
1661 3779 1701 3811 r,
1726 3767 1836 3811 Pad.
1859 3778 2024 3811 senex.
2068 3789 2120 3801 —
2154 3778 2195 3812 s.
2240 3766 2355 3811 Luc.
2390 3768 2436 3810 et
2468 3777 2644 3809 omnes

509 3839 760 3884 unanimi.
778 3863 831 3873 —
853 3843 885 3883 t.
905 3840 1039 3883 Paris
1057 3839 1362 3895 suscipiunt.

578 4030 623 4077 1.
653 4027 759 4078 Les
791 4027 1054 4091 legendes
1085 4029 1459 4092 posterieures
1489 4029 1586 4077 ont
1615 4026 1943 4077 transforma
1972 4040 2034 4076 ee
2065 4027 2180 4087 fait,
2209 4039 2364 4076 assez
2394 4025 2641 4090 explica-

518 4108 605 4159 ble
630 4109 1071 4168 naturellemcnt,
1099 4122 1167 4157 en
1194 4122 1266 4156 un
1299 4108 1528 4171 prodige
1557 4108 1769 4158 formel.

577 4192 623 4237 2.
655 4187 730 4238 Le
752 4187 1024 4251 saubourg
1042 4187 1110 4237 de
1139 4188 1193 4238 la
1226 4187 1348 4238 Tele
1366 4188 1440 4237 du
1459 4191 1596 4252 pont
1631 4188 1875 4248 Vincent,
1898 4184 2241 4249 auj0urd'hui
2277 4188 2410 4250 pont
2434 4184 2643 4236 Molino

514 4282 586 4321 ou
615 4267 713 4320 des
744 4268 996 4319 moulins.
1024 4269 1131 4321 Sur
1146 4280 1208 4320 ce
1236 4268 1557 4319 suburbium
1587 4268 1656 4319 cs.
1690 4268 1894 4320 Statut.
1917 4268 2132 4329 Patav„
2158 4280 2247 4317 an.
2276 4269 2415 4317 1275.
