3109 4950
1090 1065 1356 1144 ιεεεκοε
1400 1101 1433 1129 α
1459 1078 1825 1144 annuemus
1851 1095 1883 1122 »

437 1520 578 1600 [144
606 1523 650 1583 b
689 1519 740 1599 1]
787 1528 954 1586 Ista
982 1540 1149 1597 quae
1180 1528 1596 1598 sequuntur
1623 1527 1983 1586 extracta
2011 1527 2186 1585 aunt
2215 1525 2293 1584 in
2321 1525 2570 1584 diver-

520 1623 632 1683 sis
667 1623 860 1683 locis
901 1638 995 1683 ex
1038 1624 1200 1685 alia
1241 1627 1570 1695 quadam
1613 1624 1935 1696 leg-enda
1977 1624 2228 1684 sancti
2271 1623 2572 1684 Antonii

520 1724 611 1780 de
640 1724 935 1795 Padua„
967 1736 1134 1794 quae
1177 1721 1483 1793 incipit=
1528 1721 1978 1794 Benignitas
2020 1724 2097 1782 et
2137 1722 2575 1782 humanitas

523 1819 953 1879 salvatoris
1005 1819 1247 1879 nostri
1301 1820 1659 1892 apparuit
1705 1819 1783 1878 in
1824 1822 1962 1879 hoc
2008 1821 2310 1893 amomo,
2355 1833 2575 1891 quum

522 1931 666 1977 non
696 1919 935 1977 solum
963 1931 1097 1989 per
1140 1931 1222 1977 se
1265 1919 1533 1991 ipsum,
1565 1921 1641 1976 et
1669 1919 1988 1991 ρωποι-ας
2033 1932 2199 1990 quoe
2227 1918 2580 1977 videntur

524 2015 600 2073 in
658 2016 993 2087 ejusdem
1051 2015 1301 2075 sancti
1362 2017 1685 2088 leg-enda
1745 2017 2221 2087 antescripto,
2282 2016 2582 2088 penitus

523 2115 832 2173 omissa..
889 2114 1182 2174 Idcirco
1236 2117 1492 2173 tamen
1545 2114 1668 2174 hic
1725 2113 1981 2185 posita
2038 2117 2234 2187 sum,
2284 2127 2377 2174 ac
2436 2116 2576 2173 sub

524 2213 809 2271 litteris
834 2215 922 2287 A,
954 2214 1041 2285 B,
1075 2214 1150 2287 C,
1182 2215 1269 2285 D,
1301 2214 1387 2285 Ε,
1419 2216 1591 2287 etc.,
1623 2213 1929 2285 sing-ula.
1956 2212 2338 2272 destincte.
2365 2215 2581 2271 nota-

526 2310 740 2383 bilia,
803 2313 1176 2381 quatenus
1244 2309 1490 2381 ipsam
1555 2311 1951 2382 leg-endam
2020 2311 2380 2383 lecim-ue,
2447 2323 2582 2369 seu

524 2409 789 2480 populo
845 2408 1428 2483 praedicaturu3‚
1487 2411 1683 2480 qnod
1739 2410 2014 2481 quaernz
2078 2408 2305 2468 citius
2374 2408 2580 2467 inve-

525 2507 712 2582 niat,
755 2507 1024 2566 mellus
1070 2508 1420 2582 exponat,
1467 2508 1918 2568 luculentius
1958 2493 2362 2580 praeconiis
2408 2508 2578 2566 effe-

528 2608 678 2665 rat.

1467 2895 1580 2993 w

546 3158 605 3222 1.
648 3155 993 3224 Antonius
1032 3154 1270 3246 igitur,
1302 3152 1500 3246 quasi
1540 3154 1947 3222 matutinum
1982 3153 2202 3240 sidus,
2233 3154 2586 3222 consessor

461 3262 716 3331 Christi
754 3261 1203 3353 praesulgidus
1229 3272 1321 3344 et,
1356 3273 1683 3352 tanquam
1705 3261 1832 3329 Dei
1864 3285 2108 3329 servus
2148 3272 2216 3329 et
2248 3261 2584 3330 Altissimi

461 3369 760 3448 nuntius,
790 3368 1535 3460 praedicator‘insignis
1567 3379 1635 3436 et
1664 3368 1902 3436 doctor
1931 3368 2283 3460 egregius,
2318 3368 2400 3436 de
2437 3368 2586 3435 His-

459 3476 813 3565 paniarum
850 3499 1091 3567 regn0‚
1128 3475 1571 3566 portugalliae
1610 3475 1868 3543 ultimis
1913 3474 2191 3556 finibus,
2227 3474 2585 3544 Ulixbonae

459 3583 649 3650 urbis
715 3582 924 3651 nobili
997 3593 1190 3651 ortus
1256 3583 1612 3674 progenie,
1672 3593 1867 3673 patre
1935 3582 2194 3649 scilicet
2257 3582 2584 3660 Martiae,

461 3689 793 3780 Alphonsi
830 3690 1067 3770 milite,
1110 3699 1326 3757 matre
1377 3713 1542 3757 vero
1596 3689 1967 3758 secundum
2018 3690 2588 3780 propagationem

526 3917 571 3963 1.
616 3913 724 3964 Les
770 3912 981 3974 lettreS,
1019 3912 1153 3963 dont
1195 3927 1335 3963 nous
1380 3913 1588 3964 saisons
1637 3913 1901 3978 precedet·
1937 3914 2018 3964 les
2059 3911 2242 3963 divers
2288 3912 2593 3976 fragments

461 3995 621 4057 qu'on
650 4007 722 4043 va
754 3993 875 4054 lire,
924 3994 1162 4044 existent
1189 3994 1328 4043 dans
1362 3995 1517 4044 notre
1547 3995 1868 4044 manuscrit.
1902 3993 2052 4043 Eiles
2092 3993 2526 4058 correspondent
2560 3994 2594 4042 a

462 4087 564 4123 une
595 4075 739 4124 serie
770 4072 1045 4137 analogue
1075 4073 1144 4123 de
1175 4073 1365 4124 lettres
1396 4087 1504 4139 que
1533 4073 1584 4123 le
1614 4076 1828 4138 copiste
1862 4088 1894 4123 a
1930 4074 2184 4123 inserites
2211 4087 2279 4123 en
2312 4086 2498 4135 mar-ge
2526 4072 2593 4123 de

461 4168 522 4204 sa
550 4156 708 4218 copie
739 4154 806 4204 de
838 4154 891 4203 la
922 4154 1157 4218 legenda
1196 4153 1399 4218 prima,
1431 4154 1743 4218 indiquant,
1770 4153 1839 4204 de
1875 4153 1927 4204 la
1956 4157 2125 4212 sorte,
2156 4155 2188 4203 a
2219 4154 2347 4218 quel
2374 4152 2594 4203 endroit

463 4235 529 4285 de
555 4237 699 4285 cette
724 4234 955 4298 legende
980 4235 1257 4299 primitive
1287 4235 1499 4284 chacun
1530 4234 1628 4284 des
1675 4247 1945 4299 passages
1976 4235 2044 4284 de
2075 4236 2128 4284 la
2158 4233 2389 4296 legende
2418 4232 2590 4284 Beni-

460 4315 647 4380 gnilas
672 4328 734 4365 se
758 4318 1022 4380 rapporte
1047 4317 1102 4365 et
1132 4317 1244 4364 sert
1273 4313 1341 4364 de
1364 4314 1734 4379 supplement.
