3109 4950
548 415 635 482 94
1011 433 1072 480 s,
1126 432 1414 479 Awromi
1464 432 1787 479 Leonum
1836 431 2079 490 rmus,
2131 411 2214 478 31

546 573 1006 664 deportasset,
1035 596 1205 663 puer
1233 571 1438 653 illico,
1471 571 1623 664 ipse
1644 581 1850 662 caput
1880 569 2157 660 erigens
2183 579 2240 655 ⁸,
2277 592 2430 639 cum
2460 580 2681 638 matre

548 704 761 748 sanus
804 680 1027 748 rediit.
1074 682 1299 747 Fovea
1335 702 1503 746 vero
1540 678 1611 745 in
1648 689 1924 769 pectore
1967 679 2115 769 ejus
2159 677 2562 771 apparebat,
2610 676 2682 744 in

545 787 693 855 loco
720 787 749 831 b
777 787 1095 855 videlicet
1120 786 1227 854 cui
1265 796 1568 854 mentum
1600 785 2011 878 applicatum
2049 786 2275 855 fuerat
2307 797 2359 853 ⁰.

635 897 745 964 67.
810 893 1196 963 Fridericus
1254 893 1532 985 quidam
1556 892 1615 975 d,
1680 892 1763 960 de
1821 893 2146 962 comitatu
2202 891 2677 978 Concordiae¹‚

544 1026 775 1094 quum,
797 1012 1102 1093 tempore
1133 1001 1452 1093 quodam,
1474 999 1557 1069 de
1590 999 1878 1069 ecclesia
1903 1001 2215 1094 Pulcigni
2239 1000 2676 1082 cecidissetss,

546 1110 912 1177 confractis
954 1108 1257 1188 renibuS,
1291 1108 1438 1175 sine
1476 1107 1845 1175 ferularum
1886 1107 2389 1177 sustentatione
2429 1130 2677 1198 nequa-

546 1239 749 1307 quam
787 1215 1100 1284 incedere
1130 1214 1428 1283 valebat.
1472 1216 1583 1283 68.
1624 1218 1829 1283 Facto
1859 1214 2073 1306 igitur
2102 1225 2288 1296 voto,
2334 1214 2423 1283 ad
2460 1225 2679 1283 tumu-

544 1322 684 1391 lum
708 1322 736 1378 s
772 1323 992 1391 sancti
1042 1322 1261 1413 patris
1319 1321 1601 1389 Antonii
1641 1321 1931 1390 devotus
1960 1322 2150 1390 venit
2178 1332 2270 1405 et,
2305 1344 2463 1390 mox
2494 1320 2682 1390 sani-

544 1430 671 1499 tati
703 1430 1036 1510 redditae,
1082 1428 1391 1498 dimissis
1430 1429 1693 1509 feruliS,
1736 1429 2140 1498 remeavitb’.

633 1541 743 1607 69.
790 1538 1037 1605 Mulier
1080 1537 1418 1628 quaedam,
1465 1535 1834 1605 Gertrudis
1862 1537 1895 1582 ἢ
1939 1536 2233 1617 nomine,
2289 1560 2410 1629 per
2461 1558 2681 1605 annos

543 1656 837 1736 quatuor
916 1645 1158 1736 pedem
1232 1644 1545 1712 dextrum
1617 1654 2040 1712 contractum
2105 1643 2367 1726 habuit,
2431 1654 2506 1712 ut
2559 1666 2682 1711 nec

542 1775 826 1843 passum
856 1751 1129 1843 quidem
1156 1751 1387 1842 pedis?
1414 1751 1675 1842 absque
1702 1750 1732 1806 Ι
1773 1751 2010 1819 ferulis
2042 1751 2357 1818 incedere
2388 1750 2674 1818 valeret.

544 1862 652 1927 70.
698 1861 868 1947 Quae
910 1882 1140 1950 quum,
1174 1869 1371 1926 nocte
1421 1858 1741 1948 quadam,
1779 1858 1984 1926 nimio
2024 1880 2270 1950 sopore
2314 1857 2676 1949 depressa,

548 1965 676 2033 sub
716 1989 882 2032 nuce
922 1965 1521 2046 obdormivissetk,
1560 1963 1832 2033 adstitit
1870 1964 1931 2033 ei
1970 1965 2076 2032 vir
2114 1964 2392 2056 quidam
2433 1987 2670 2043 canuS,

545 2082 813 2141 statura
865 2072 1181 2163 pusillus,
1226 2082 1509 2165 aspectu
1549 2071 1859 2156 decorus,
1905 2082 2099 2159 veste
2138 2071 2342 2139 viridi
2393 2070 2676 2139 indutus

547 2190 614 2247 et
670 2179 1025 2271 chlamyde
1084 2180 1400 2249 coccinea
1456 2178 1751 2270 desuper
1811 2178 2125 2259 amictuS,
2178 2178 2294 2270 qui
2347 2176 2519 2247 dixit
2567 2178 2671 2246 ei:

547 2287 801 2361 Puella,
864 2286 1189 2378 numquid
1256 2286 1364 2355 hic
1427 2285 1551 2353 tibi
1619 2285 2146 2354 dormiendum?
2211 2287 2302 2353 Et
2349 2307 2619 2352 rursum
2654 2308 2669 2352 :

544 2395 878 2477 Extende,
927 2394 1048 2476 ait,
1089 2393 1330 2486 pedem
1387 2404 1603 2463 tuum.
1675 2397 1783 2462 71.
1843 2392 2270 2461 Extendente
2322 2393 2536 2488 igitur
2594 2415 2675 2460 ea

542 2503 784 2593 pedem
824 2527 1047 2583 suum,
1083 2513 1401 2593 acceptos
1428 2505 1449 2547 ἱ
1486 2526 1692 2570 manu
1731 2525 1982 2569 nervos
2020 2500 2463 2571 indirectum
2514 2524 2677 2592 pro-

542 2610 764 2679 tendit
806 2633 1093 2702 moxque
1133 2609 1494 2699 disparuit.
1541 2612 1650 2678 72.
1686 2610 1779 2675 At
1815 2608 1932 2676 illa
1971 2608 2312 2700 evigilans
2354 2607 2677 2677 clamavit

540 2718 776 2785 dicens
811 2741 826 2786 ε
873 2717 1155 2786 Gratias
1186 2715 1311 2786 tibi
1351 2739 1513 2808 agO,
1547 2717 1797 2785 Sancte
1827 2715 2106 2797 Antoni,
2144 2715 2328 2807 quim
2365 2714 2677 2784 liberasti

541 2848 672 2893 me.
708 2823 1160 2915 Arreptisque
1199 2823 1269 2891 in
1308 2834 1512 2891 manu
1551 2822 1816 2906 feruliS,
1851 2845 2021 2890 sana
2060 2821 2333 2891 domum
2373 2821 2574 2891 rediit
2608 2832 2677 2890 et

593 3117 637 3148 a.
659 3103 764 3148 Alc.
786 3103 866 3148 286
887 3102 1023 3147 ittico
1044 3113 1139 3158 per
1161 3114 1215 3146 se
1235 3102 1448 3158 erigens.
1476 3101 1589 3147 Pad.
1611 3100 1747 3146 illico
1777 3111 1871 3157 per
1888 3113 1941 3145 se
1966 3102 2120 3155 caput
2142 3099 2356 3156 eriqens.
2382 3100 2517 3144 Puris
2537 3099 2676 3144 illico

539 3178 693 3232 caput
712 3186 872 3231 perse
893 3174 1103 3229 eriqens.
1126 3196 1179 3207 —
1209 3174 1254 3218 b.
1278 3173 1391 3218 Luc.
1414 3168 1548 3217 ilico.
1572 3196 1625 3206 -
1645 3185 1689 3217 c.
1713 3172 1781 3216 Le
1805 3172 1897 3217 Me.
1918 3172 2152 3216 d'Ancone
2169 3183 2290 3215 omet
2308 3181 2424 3215 cette
2444 3170 2675 3227 guerison.

537 3270 591 3279 —
619 3247 668 3291 d.
708 3247 811 3290 Alc.
852 3246 932 3291 286
974 3244 1217 3290 Oredicus
1250 3244 1477 3300 quidam.
1513 3244 1624 3289 Nat.
1660 3244 1791 3289 14363
1824 3244 2048 3289 Clericus
2081 3240 2307 3298 quidam.
2339 3241 2450 3286 Psd.
2480 3252 2525 3286 et
2552 3242 2672 3286 Aac.

541 3317 812 3362 Fodericus
837 3316 1064 3371 quidam.
1087 3316 1156 3360 Le
1180 3317 1353 3372 copiste
1369 3317 1427 3359 du
1447 3316 1536 3361 Ms.
1559 3317 1614 3359 de
1631 3315 1764 3360 Paris
1788 3328 1815 3359 a
1832 3315 1944 3358 ecrit
1967 3314 2185 3358 Rediens
2214 3313 2441 3368 quidam,
2461 3314 2535 3369 qui
2559 3325 2587 3355 a
2604 3312 2676 3357 ete

539 3388 722 3433 modifle
739 3401 795 3432 en
818 3388 1062 3433 Fre-dicus
1086 3387 1295 3443 quidam
1319 3400 1399 3443 par
1418 3388 1678 3432 l'insertion
1698 3387 1801 3430 d’un
1837 3387 1948 3441 petit
1976 3385 2004 3441 Ῑ
2026 3386 2139 3429 dans
2169 3385 2227 3429 l'r
2255 3384 2519 3440 majuscule.
2555 3406 2608 3416 -
2628 3397 2671 3428 e.

538 3462 644 3506 Alc.
669 3462 749 3506 286
772 3472 933 3516 quum
953 3463 1175 3517 tempore
1203 3461 1421 3515 quodam
1458 3459 1519 3503 dc
1552 3458 1766 3503 ecclesia
1797 3456 2076 3503 recidisset.
2103 3456 2216 3501 Pnd.
2255 3456 2424 3510 Quum
2449 3459 2674 3512 tempore

539 3533 759 3588 quodam
781 3533 842 3575 de
868 3530 1078 3575 ecclesia
1098 3529 1352 3575 Pulc-inici
1373 3530 1650 3575 cecidisset.
1675 3529 1808 3573 Paris
1826 3540 1986 3584 quum
2015 3560 2027 3573 .
2043 3563 2053 3573 .
2069 3562 2079 3572 .
2111 3529 2172 3573 de
2199 3528 2414 3574 ecclesia
2438 3526 2674 3581 Pulciyni

538 3603 821 3647 cecidisset.
862 3604 980 3646 Ano.
1007 3612 1051 3646 et
1078 3602 1302 3657 Dialogus
1336 3612 1495 3657 quum
1626 3602 1689 3645 de
1721 3599 1934 3646 ecclesia
1971 3600 2206 3656 Putciqni
2240 3599 2497 3644 incautius
2536 3598 2674 3644 ccci-

537 3675 709 3720 disset.
739 3697 792 3708 —
822 3674 858 3729 f.
892 3674 997 3718 Alc.
1032 3674 1112 3720 286
1144 3673 1429 3718 cumulum.
1462 3695 1515 3705 -
1542 3686 1590 3729 9.
1617 3671 1686 3716 Le
1721 3672 1812 3716 Με.
1839 3673 1896 3716 de
1925 3670 2136 3716 Lucerne
2167 3682 2287 3715 omet
2309 3684 2361 3715 ce
2395 3671 2597 3715 miracle.
2619 3688 2675 3703 —·

537 3747 587 3791 h.
614 3747 717 3791 Alc.
751 3746 832 3791 286
865 3744 1133 3789 Germidis.
1165 3744 1277 3789 Psd.
1303 3744 1573 3790 Geth-udis.
1601 3743 1736 3787 Paris
1755 3742 2067 3788 Ghertrudis.
2101 3765 2155 3775 —
2189 3742 2221 3786 i.
2247 3741 2381 3786 Paris
2398 3753 2489 3786 om.
2507 3741 2673 3798 pedis.

534 3841 588 3850 —
615 3816 655 3872 j.
680 3817 813 3861 Paris
832 3817 956 3860 sine.
989 3838 1044 3850 —
1079 3816 1124 3859 1³.
1162 3816 1293 3860 Paris
1316 3814 1653 3860 dormivisset.
1671 3838 1724 3848 —
1745 3814 1776 3859 l.
1799 3813 1869 3858 Le
1904 3826 2012 3858 sens
2035 3813 2256 3858 demunde
2274 3815 2534 3868 acceptos,·
2556 3813 2676 3856 mais

538 3889 605 3932 les
632 3888 746 3933 Mss.
784 3888 889 3932 Alc.
916 3888 1010 3941 286,
1039 3887 1167 3941 Ριό.,
1210 3887 1342 3932 Puris
1367 3889 1545 3943 portent
1573 3891 1792 3943 accepta.
1813 3909 1866 3919 —
1890 3896 1958 3930 m.
1977 3885 2088 3930 Psd.
2113 3894 2159 3929 et
2183 3884 2316 3929 Paris
2340 3883 2597 3940 quoniam.

598 4127 644 4174 1.
679 4121 1011 4183 Concordia,
1060 4121 1114 4172 la
1156 4122 1303 4173 Julia
1343 4121 1655 4173 Concordia
1697 4120 1796 4171 des
1829 4121 2129 4171 Romains:
2163 4119 2294 4170 ville
2325 4120 2672 4169 maintenant

536 4205 744 4263 ruinee,
777 4205 809 4253 a
832 4208 859 4252 2
876 4202 1195 4263 kilometres
1220 4218 1291 4253 au
1309 4202 1411 4253 sud
1441 4202 1510 4253 de
1538 4202 1933 4265 Portogruam,
1954 4201 2046 4261 οὐ,
2067 4203 2297 4261 en1586,
2321 4213 2352 4249 a
2382 4202 2469 4249 ete
2494 4201 2672 4249 trans·

537 4285 648 4335 sere
674 4284 723 4335 le
754 4285 908 4346 siege
935 4283 1004 4334 de
1030 4298 1130 4334 son
1161 4284 1382 4334 eveche.
