3109 4950
589 404 676 472 36
1081 424 1140 470 S.
1195 423 1483 470 Ani-olm
1533 424 1857 471 Leonum
1905 424 2147 485 rmus,
2200 405 2239 472 7

587 563 843 645 tonius,
904 563 1310 655 disponente
1379 564 1695 645 Domino,
1764 564 2195 655 pervenisset
2231 577 2288 651 α,
2358 563 2722 654 impetrata

586 670 886 752 licentia,
921 695 1220 738 eremum
1246 671 1506 740 Montis
1530 672 1761 739 Pauli¹
1790 671 2080 739 devotus
2104 671 2314 739 subiit
2344 680 2435 756 et,
2465 670 2721 737 relictis

588 777 1018 845 saecularium
1065 778 1314 865 turbiS,
1384 777 1532 845 loca
1591 779 1842 869 quietis
1908 778 2183 846 conscia
2241 777 2628 868 penetravit
2665 777 2716 844 ⁶.

674 889 740 953 6.
788 884 1106 953 Faciente
1145 896 1373 953 autem
1406 898 1433 928 ⁶
1473 885 1628 976 ipso
1667 908 1926 953 moram
1967 885 2039 952 in
2077 885 2258 952 dicto
2297 884 2504 952 eremi
2544 884 2718 962 loc0‚

585 993 799 1060 frater
828 992 1102 1083 quidam
1146 993 1388 1060 celiam
1420 992 1551 1060 sibi
1583 992 1620 1035 ά
1658 993 2085 1060 orationibus
2116 1002 2349 1083 aptam
2378 992 2449 1059 in
2480 1001 2721 1081 crypta

587 1098 881 1190 quadam
922 1109 1401 1167 construxerat
1429 1112 1481 1180 θ,
1515 1109 1592 1167 ut
1630 1099 1882 1167 ibidem
1915 1099 2205 1166 Domino
2244 1097 2560 1166 licentius
2600 1122 2723 1164 va-

587 1229 744 1273 care
790 1216 1052 1296 posset.
1098 1208 1158 1274 7.
1198 1207 1421 1293 Quam
1479 1230 1685 1297 quum
1723 1206 1833 1274 die
1871 1206 2163 1297 quadam
2203 1206 2311 1273 vir
2359 1205 2480 1272 Dei
2524 1228 2722 1295 pros-

586 1313 893 1403 pexisset
955 1321 1022 1380 et
1077 1313 1461 1380 devotionis
1529 1313 1980 1404 aptitudinem
2038 1313 2166 1381 loci
2224 1311 2724 1402 congruitate!

588 1429 935 1510 pensaret,
969 1419 1248 1488 fratrem
1287 1420 1606 1511 precibus
1646 1420 1816 1489 adiit
1844 1430 1912 1488 et
1940 1431 2015 1488 ut
2040 1421 2288 1487 dictam
2321 1420 2451 1487 sibi
2484 1418 2719 1486 cellam

588 1526 991 1595 concederet
1029 1526 1315 1618 supplex
1353 1526 1732 1618 postulavit
1754 1530 1801 1595 2.

640 1771 685 1804 a.
729 1758 863 1802 Paris
889 1760 993 1804 add.
1032 1762 1095 1804 et.
1128 1782 1181 1792 —
1212 1760 1254 1804 b.
1298 1758 1368 1803 Le
1398 1772 1468 1803 ms
1500 1759 1610 1804 Pad.
1651 1760 1700 1805 74
1736 1761 1970 1815 supprime
2011 1760 2057 1803 la
2099 1760 2264 1815 phrase
2298 1759 2405 1813 Quo
2444 1770 2605 1813 quum
2644 1758 2725 1803 vir

587 1830 729 1875 Dei...
769 1830 1049 1886 penetravit
1093 1842 1138 1875 et
1182 1844 1205 1885 y
1246 1831 1471 1875 substitue
1514 1831 1868 1886 t'interpolmion
1924 1831 2133 1875 suivante
2178 1846 2191 1875 ς
2239 1831 2406 1884 Quum
2457 1831 2595 1874 enim
2645 1830 2727 1874 vir

586 1902 676 1946 Dei
728 1914 887 1947 novus
932 1907 1059 1947 esset
1100 1903 1152 1944 in
1191 1904 1383 1951 ordine,
1426 1904 1680 1946 nesciebat
1711 1904 1835 1956 quid
1869 1906 1995 1946 esset
2029 1914 2229 1946 cremus
2271 1905 2356 1945 aut
2401 1902 2569 1956 qualis
2598 1904 2724 1945 esset

585 1974 808 2029 fratrum
844 1974 1110 2030 dispositio
1145 1975 1195 2017 in
1225 1974 1564 2025 eremitoriis:
1593 1977 1801 2029 propter
1836 1974 1969 2028 quod
1999 1986 2090 2017 nec
2129 1974 2384 2017 licentiam
2419 1972 2723 2028 impetravit,

586 2045 700 2089 ticet
726 2045 835 2090 loca
869 2045 1054 2100 quietis
1088 2046 1291 2090 conscia
1331 2046 1604 2100 affectaret.
1634 2046 1731 2090 Sed
1752 2045 1950 2100 fratres,
1979 2045 2067 2099 qui
2091 2045 2229 2089 circa
2257 2056 2345 2088 sex
2370 2047 2512 2088 erant
2543 2043 2594 2086 in
2624 2054 2726 2086 cre·

587 2116 806 2165 mitorio.
837 2116 1035 2160 nultum
1070 2117 1200 2160 inter
1226 2128 1280 2160 se
1307 2119 1620 2161 sacerdotem
1661 2117 1911 2169 habentes,
1949 2118 2260 2160 attendentes
2288 2128 2402 2160 euin
2433 2115 2722 2170 simplicem

588 2187 755 2232 virum
777 2191 822 2231 et
841 2199 1052 2244 purum,
1079 2190 1245 2244 ipsum
1277 2201 1305 2231 a
1332 2188 1569 2232 ministro
1587 2201 1681 2244 pro
1706 2188 2017 2232 celebrandis
2038 2188 2229 2231 divinis
2249 2199 2368 2232 curn
2397 2198 2580 2242 inaqna
2603 2198 2722 2242 pre-

589 2270 708 2302 cum
746 2260 987 2302 instantia
1022 2260 1345 2315 postularunt
1381 2263 1425 2304 et
1464 2260 1805 2304 obtinuerunt.
1830 2283 1884 2292 —
1912 2271 1955 2303 c.
1994 2258 2127 2303 Paris
2149 2272 2238 2302 om.
2263 2263 2448 2303 autem.
2481 2258 2594 2301 —d.
2616 2258 2721 2300 Alc.

583 2332 668 2375 ‘286
707 2341 751 2373 et
788 2332 892 2374 Alc.
923 2331 1003 2374 293
1040 2343 1131 2374 om.
1176 2332 1273 2375 sibi
1307 2332 1455 2375 donne
1485 2344 1565 2386 par
1597 2330 1731 2385 Luc,
1765 2331 1874 2375 Pad.
1910 2342 1954 2374 et
1993 2330 2140 2376 Paris.
2175 2330 2289 2374 Luc.
2318 2329 2415 2374 sibi
2444 2329 2640 2374 cellam.
2671 2350 2723 2360 -

589 2414 630 2445 e.
664 2401 819 2457 Lecon
861 2402 1009 2447 d’Alc.
1040 2403 1136 2450 293.
1164 2402 1296 2453 Luc..
1324 2403 1442 2447 Pad.
1489 2407 1537 2447 et
1567 2403 1717 2447 Paris.
1753 2403 1859 2446 Alc.
1896 2404 1975 2449 286
2005 2403 2361 2447 construxerit.
2385 2425 2436 2433 —
2457 2401 2492 2457 Γ.
2514 2401 2619 2444 Alc.
2643 2401 2723 2445 286

589 2475 685 2519 loci
715 2475 1101 2530 conyruitatern.
1132 2476 1266 2520 Puris
1289 2481 1336 2521 et
1370 2477 1465 2520 toci
1502 2476 1884 2533 congruitatem.

588 2671 655 2720 de
690 2671 1015 2732 combam-e,
1049 2686 1150 2736 par
1179 2675 1410 2737 rapport
1449 2674 1480 2723 a
1522 2673 1576 2722 ta
1616 2674 1870 2738 question
1917 2671 1985 2722 de
2016 2673 2199 2722 savoir
2229 2672 2274 2720 si
2307 2672 2455 2720 saint
2485 2669 2722 2719 Antoine

586 2753 721 2801 etait
751 2766 821 2802 ou
853 2754 1041 2802 n'etait
1079 2768 1181 2818 pas
1224 2757 1409 2817 pretre
1454 2755 1485 2802 a
1526 2756 1670 2803 cette
1714 2756 1948 2818 epoque,
1982 2752 2241 2816 t'opInion
2268 2752 2366 2801 des
2397 2752 2590 2801 Freres
2621 2749 2723 2799 Mi-

588 2846 751 2881 neurs
782 2837 1140 2897 proprement
1167 2834 1296 2883 dits.
1328 2835 1480 2884 Nous
1509 2848 1758 2896 croyon3‚
1792 2835 1967 2898 quant
2000 2835 2032 2882 a
2063 2846 2221 2884 nous,
2252 2832 2381 2897 qu'it
2416 2833 2531 2881 saut
2574 2829 2724 2879 cher-

584 2912 716 2961 cher
743 2913 969 2962 aiiieurs
996 2913 1047 2963 ta
1079 2927 1245 2964 cause
1275 2913 1343 2964 de
1370 2914 1797 2977 l'interpoiation
1834 2913 2063 2963 susdite.
2095 2912 2212 2962 Eite
2246 2914 2330 2961 n'a
2359 2910 2723 2961 vraisembia-

584 2991 828 3043 blement
856 2992 1071 3043 d'autre
1118 2994 1330 3056 origine
1370 3007 1478 3058 que
1518 2994 1568 3042 ie
1600 2994 1751 3042 desir
1793 2993 1920 3057 qu’a
1961 3006 2028 3042 eu
2071 3006 2270 3042 encore
2309 2991 2359 3041 le
2404 2992 2614 3055 copiste
2655 2990 2723 3040 de

587 3071 812 3122 Padouc
841 3073 1220 3134 d’augmenter
1250 3073 1390 3123 dans
1416 3076 1501 3123 cet
1527 3074 1756 3138 episode
1783 3073 2056 3122 l’etement
2097 3072 2431 3122 surnaturet.
2467 3073 2546 3120 En
2585 3069 2722 3120 deii-

586 3152 772 3212 nitive,
806 3152 855 3202 ie
886 3154 1023 3202 recit
1051 3152 1183 3217 qu’it
1213 3167 1244 3202 a
1278 3153 1543 3203 introduit
1578 3153 1646 3202 de
1677 3153 1728 3202 ia
1760 3155 1909 3202 sorte
1934 3152 2152 3202 aboutit
2179 3153 2210 3201 a
2239 3165 2376 3201 nous
2410 3153 2653 3200 montrer
2673 3150 2722 3199 ie

585 3233 731 3282 saint
763 3231 1206 3281 s'abandonnant
1223 3234 1597 3297 passivement
1620 3235 1652 3282 a
1677 3233 1728 3282 ta
1753 3231 2089 3282 Providence
2114 3236 2187 3292 et,
2213 3246 2281 3281 en
2315 3233 2490 3280 meme
2522 3234 2720 3294 temps»,

586 3312 993 3376 l'Esprit-Saint
1022 3314 1295 3376 inspirant
1323 3314 1355 3363 a
1396 3314 1624 3363 Gratien
1660 3313 1712 3363 la
1753 3315 1955 3377 pensee
1994 3312 2062 3362 de
2107 3311 2439 3372 s'adjoindre
2483 3312 2723 3361 Antoine

589 3405 799 3442 comme
835 3394 1036 3456 pretre.

648 3476 692 3522 1.
730 3473 889 3523 Trois
932 3472 1184 3523 locatites
1210 3487 1270 3523 se
1306 3475 1432 3523 sont
1460 3472 1683 3538 dispute
1730 3473 2017 3522 t'tnonneur
2049 3473 2220 3523 d'etre
2250 3472 2299 3523 ie
2335 3472 2519 3522 Monte
2551 3471 2724 3520 Paoto

588 3550 776 3601 habite
821 3565 924 3617 par
949 3554 1095 3602 saint
1120 3554 1358 3603 Antoine
1386 3568 1397 3604 :
1436 3554 1621 3603 Monte
1650 3553 1819 3604 Paoio
1858 3567 1952 3602 sur
1984 3553 2062 3602 tes
2092 3554 2302 3603 contins
2350 3552 2419 3602 de
2458 3550 2724 3602 l'Umhrie

585 3632 732 3682 etde
767 3633 817 3681 ta
849 3634 1118 3690 Toscane‚
1156 3635 1284 3697 pres
1314 3633 1614 3691 d'Arezzo;
1647 3636 1758 3683 San
1788 3633 1957 3683 Paoto
1992 3647 2089 3682 sur
2119 3647 2225 3683 une
2262 3636 2557 3694 montagne
2594 3633 2724 3695 pres

587 3711 656 3762 de
688 3712 960 3775 Bologne;
1004 3713 1187 3763 Monte
1218 3714 1407 3774 l’aotO‚
1440 3716 1570 3778 pres
1594 3714 1759 3764 Forii.
1794 3714 1898 3763 Les
1925 3715 2266 3777 pretentions
2293 3713 2391 3762 des
2423 3712 2564 3762 deux
2598 3725 2727 3776 pre-

587 3794 783 3842 mieres
837 3793 1085 3843 localites
1122 3807 1259 3843 nous
1307 3795 1622 3858 paraissent
1667 3793 2101 3843 insontenableS.
2152 3820 2215 3831 —
2262 3793 2346 3843 Cf.
2389 3796 2724 3850 Azzoemm,

584 3875 786 3922 Annot.
812 3887 919 3922 aux
944 3872 1232 3923 Sermones
1250 3876 1306 3924 in
1324 3875 1572 3938 psalmos
1594 3874 1863 3924 attribues
1885 3874 1916 3923 a
1942 3875 2376 3934 SaintAntoine,
2404 3887 2458 3937 p.
2498 3871 2728 3922 CXLIX

583 3954 638 4002 et
666 3953 806 4002 suiv.
839 3956 894 4003 et
924 3956 1218 4012 Ακενεοο,
1256 3954 1379 4005 Vita
1409 3955 1499 4004 del
1530 3953 1720 4003 Taum.
1757 3958 1975 4019 pot-tog.
2004 3954 2060 4005 S.
2093 3956 2242 4012 Ant„
2267 3969 2319 4018 p.
2351 3958 2436 4004 361
2471 3957 2525 4003 et
2551 3958 2661 4002 362.

645 4037 689 4081 2.
724 4034 883 4083 Saint
914 4034 1177 4093 Francois
1208 4035 1358 4085 avait
1388 4033 1559 4084 etabti
1585 4048 1657 4082 un
1690 4034 1990 4096 reglement
2027 4035 2234 4099 special
2270 4036 2327 4083 et
2358 4036 2470 4083 tres
2500 4035 2730 4084 curieux

582 4126 723 4177 pour
754 4112 832 4162 tes
863 4114 1035 4162 ireres
1068 4113 1256 4162 vivant
1292 4115 1431 4164 dans
1463 4115 1541 4163 tes
1573 4115 1870 4176 ermitages
1903 4128 1915 4163 :
1958 4115 2039 4165 De
2068 4116 2336 4181 religiosa
2381 4115 2729 4165 habitatione

584 4193 640 4241 in
669 4194 925 4252 deserti&
959 4207 1049 4256 ap.
1080 4191 1178 4242 Ms.
1211 4199 1302 4243 338
1331 4195 1430 4244 des
1461 4195 1611 4243 arch.
1646 4193 1912 4244 d'Assise.
1945 4195 1989 4244 Ii
2020 4210 2053 4244 a
2089 4198 2175 4245 ete
2214 4195 2360 4244 edite
2396 4208 2499 4259 par
2525 4194 2726 4259 Papini

584 4273 808 4336 (storia,
838 4287 892 4337 p.
922 4274 1052 4336 148).
1078 4298 1141 4308 —
1169 4273 1252 4324 Cr.
1277 4274 1354 4324 tes
1386 4277 1648 4324 savantes
1670 4287 1992 4339 remarques
2017 4275 2086 4326 de
2115 4275 2251 4325 Paul
2281 4275 2560 4337 Sabatier,
2581 4274 2726 4326 dans
