3109 4950
546 426 637 492 96
1012 445 1069 491 s.
1125 444 1415 490 ANToun
1464 444 1788 492 Leonum
1837 445 2075 508 ramat,
2130 426 2216 493 32

639 587 703 653 5.
763 584 1237 675 Maynardus⁰
1276 584 1360 652 de
1403 585 1660 653 Runcis
1686 584 1735 669 b,
1784 609 2015 676 quum,
2050 608 2172 675 per
2212 584 2463 675 viginti
2504 584 2676 664 dies,

545 691 851 783 paralysi
893 690 1273 759 dissolutus
1330 692 1578 760 suisset
1617 692 1683 759 in
1734 702 1999 760 tantum
2046 702 2123 760 ut
2172 691 2354 773 nullo
2406 692 2679 782 penitus

544 797 792 888 pedum
821 808 1128 866 uteretur
1170 799 1412 887 ollicio,
1456 822 1581 866 nec
1628 822 1708 868 os
1761 798 1849 867 ad
1901 798 2390 867 comedendum
2444 808 2683 889 posset

545 905 837 995 aperire,
883 928 1089 996 super
1144 905 1528 996 plaustrum
1572 917 1895 974 onustum
1935 905 2114 973 soeno
2144 929 2362 997 usque
2393 905 2480 972 ad
2524 908 2678 972 Pra-

543 1022 688 1080 tum
744 1012 965 1080 Vallis
1023 1011 1293 1080 delatus
1352 1023 1482 1080 est.
1547 1015 1614 1081 6.
1674 1013 1827 1100 Quo
1884 1036 2116 1103 quum,
2178 1012 2466 1079 ducente
2528 1035 2680 1079 eum

542 1119 879 1209 plaustro,
923 1119 1381 1209 pervenisset,
1424 1119 1632 1186 dorso
1661 1119 1793 1187 viri
1832 1130 2072 1187 vectus
2114 1117 2200 1186 ad
2238 1118 2423 1186 beati
2462 1119 2679 1186 Anto-

543 1226 638 1293 nii
677 1227 1008 1295 tumulum
1041 1227 1328 1317 supplex
1365 1226 1687 1294 accessit.
1732 1230 1794 1295 7.
1835 1230 2046 1295 Facta
2084 1227 2299 1318 igitur
2338 1227 2670 1305 oratione,

541 1334 613 1400 in
652 1333 1026 1401 continenti
1081 1334 1377 1401 surrexit
1436 1343 1526 1409 et,
1573 1345 1810 1424 aperto
1867 1358 1983 1401 ore
2038 1338 2254 1402 Deum
2297 1343 2364 1401 et
2400 1333 2674 1402 beatum

542 1441 914 1508 Antonium
954 1440 1270 1522 laudans,
1305 1440 1601 1531 propriis
1633 1440 1927 1531 pedibus
1960 1440 2233 1508 domum
2257 1455 2284 1485 ⁶
2307 1464 2672 1533 regressus

540 1557 649 1615 est
672 1548 729 1616 d.

626 1657 692 1724 8.
739 1654 1037 1722 Mulier‘2
1078 1653 1414 1745 quaedam,
1477 1654 1700 1722 Biliaf
1741 1654 2037 1735 nomine,
2097 1679 2220 1746 per
2271 1678 2489 1723 annos
2529 1666 2671 1722 tres

534 1772 679 1830 toto
746 1784 1027 1852 corpore
1095 1760 1541 1829 tremebunda
1571 1773 1626 1842 9,
1697 1760 1783 1829 ad
1837 1785 2067 1830 arcam
2115 1762 2356 1831 beatih
2398 1761 2659 1853 patrisi

536 1868 817 1936 Antonii
861 1868 1170 1936 tremulis
1220 1868 1583 1960 gressibus
1623 1868 1812 1936 venit
1851 1870 2294 1960 angustiata3
2331 1893 2674 1960 quumque

535 1999 764 2043 coram
801 1975 1060 2043 tumulo
1098 1975 1168 2042 in
1199 1975 1505 2042 oratione
1551 1976 1983 2065 persisteret,
2027 1976 2491 2045 invalescente
2529 1986 2672 2043 tre-

534 2106 746 2160 more,
783 2082 1007 2151 calor?
1040 2081 1289 2149 nimius
1319 2082 1389 2149 in
1417 2106 1565 2150 eam
1596 2082 1820 2150 irruit.
1855 2085 1922 2173 9.
1961 2083 2247 2152 Flebant
2277 2093 2504 2151 autem
2534 2082 2670 2150 viri

535 2199 602 2257 et
632 2190 980 2269 mulieres,
1011 2188 1478 2257 tremebundis
1518 2190 1669 2280 ejus
1711 2189 2079 2258 sudoribus
2119 2189 2660 2280 compatientes;

535 2296 656 2365 sed
696 2321 924 2388 quum,
963 2307 1155 2364 extra
1194 2297 1446 2364 ostium
1485 2296 1792 2364 ecclesiae
1836 2296 2088 2377 delata,
2131 2297 2478 2388 paululum
2517 2321 2667 2364 res-

531 2405 855 2496 pirasset,
900 2403 1256 2471 recedente
1301 2403 1524 2471 calore
1551 2403 1606 2485 ¹³,
1650 2403 1892 2471 mulier
1930 2402 2228 2474 solidata
2257 2428 2294 2472 a
2334 2404 2481 2471 loco
2520 2403 2664 2472 dis-

531 2512 745 2581 cessit
782 2512 820 2580 ¹.

624 2623 727 2687 10.
775 2622 853 2687 In
884 2630 1112 2687 castro
1134 2632 1179 2661 '²‘
1212 2618 1294 2686 de
1318 2621 1790 2710 Montagnana
1817 2631 1850 2663 ⁷²
1870 2629 2020 2687 erat
2048 2620 2288 2688 mulier
2318 2619 2655 2712 quaedam,

528 2727 795 2794 nomine
829 2726 1131 2817 Solagna
1158 2739 1210 2807 0,
1238 2750 1414 2817 qum,
1448 2750 1571 2817 per
1597 2750 1847 2794 annum
1872 2736 1936 2794 et
1966 2750 2270 2795 mensem
2294 2739 2330 2784 Ρ
2350 2727 2660 2819 paralysi
2751 2794 2758 2801 ,

523 2835 852 2914 resoluta,
895 2834 1086 2901 vovit
1128 2857 1202 2901 se
1259 2831 1345 2900 ad
1396 2833 1616 2900 sancti
1655 2834 1875 2924 patris
1901 2844 1933 2889 ‘1
1972 2834 2255 2902 Antonii
2297 2834 2655 2913 tumulum,

523 2940 1004 3032 recuperandae
1072 2940 1392 3008 sanitatis
1456 2940 1682 3031 gratia
1713 2951 1765 3021 Υ,
1823 2952 2212 3011 venturam.
2297 2945 2402 3010 11.
2484 2943 2658 3029 Quae

521 3072 751 3140 quum,
785 3059 979 3115 nocte
1010 3047 1329 3138 quadam,
1364 3046 1434 3113 in
1474 3057 1734 3115 strato⁸
1775 3047 2123 3116 decubans
2163 3047 2655 3129 obdormisset,

521 3156 755 3225 audito
796 3154 1112 3245 strepitu,
1147 3153 1347 3244 quasi
1385 3153 1657 3244 pulsato
1698 3154 1867 3245 pede
1906 3155 2159 3242 lectuli,
2188 3156 2484 3223 excitata
2517 3165 2652 3233 est,

517 3286 908 3353 vocansque
956 3261 1315 3352 quemdam
1347 3285 1381 3328 e
1411 3260 1637 3327 vicino
1670 3272 2208 3331 commanentem
2251 3264 2292 3340 ί,
2333 3261 2658 3353 quaesivit

519 3371 578 3437 si
631 3370 795 3461 quid
843 3369 1080 3437 auditu
1131 3368 1575 3459 percepisset.
1629 3371 1730 3437 12.
1789 3370 1942 3456 Quo
1990 3369 2450 3460 respondente
2489 3369 2650 3461 quia

517 3477 684 3544 nihil
723 3481 999 3546 omnino
1040 3479 1409 3557 sonuisset,
1454 3478 1854 3546 tremefacta
1883 3476 2124 3544 mulier
2153 3477 2223 3545 in
2254 3477 2428 3545 lecto
2459 3500 2650 3544 rese-

568 3688 613 3719 a.
640 3675 773 3719 Paris
797 3676 1154 3721 Menchardus.
1180 3699 1233 3708 —-
1262 3675 1305 3719 b.
1335 3675 1445 3719 Pad.
1469 3674 1713 3719 Runchis.
1740 3696 1793 3706 -
1823 3685 1865 3718 c.
1893 3672 2026 3721 Paris
2050 3686 2137 3719 om.
2166 3674 2393 3719 domum.
2417 3697 2470 3706 —
2498 3675 2547 3719 d.
2573 3672 2649 3717 Le

513 3746 603 3791 ΜΒ.
632 3748 686 3790 de
712 3746 921 3791 Lucerne
968 3751 1015 3791 et
1052 3749 1095 3790 le
1135 3751 1254 3791 texte
1293 3747 1523 3791 d'Ancone
1561 3749 1782 3790 ometteut
1816 3758 1867 3789 ce
1897 3746 2095 3791 mii-acle.
2120 3770 2172 3778 —
2198 3758 2238 3790 e.
2267 3746 2380 3790 Luc.
2409 3745 2648 3801 Siynum.
2697 3754 2704 3760 ‘

510 3819 711 3862 Mulier.
736 3842 789 3850 —-
814 3819 847 3874 s.
876 3819 979 3862 Alc.
1006 3819 1086 3865 286
1116 3818 1265 3863 Vilia.
1300 3841 1353 3850 ——
1381 3831 1426 3873 9.
1455 3818 1556 3861 Alc.
1597 3818 1677 3863 ‘286
1717 3818 2049 3862 tremebundi.
2075 3841 2127 3849 —
2152 3818 2200 3863 Ιι.
2229 3817 2362 3861 Paris
2386 3816 2566 3861 sancti.
2591 3840 2650 3849 --

509 3888 541 3932 i.
571 3888 703 3932 Puris
726 3902 813 3932 om.
839 3891 1020 3946 patris.
1042 3912 1097 3921 —
1113 3889 1153 3944 j.
1181 3891 1284 3933 Alc.
1308 3889 1389 3934 ‘28ss
1412 3890 1621 3933 clamor.
1643 3912 1696 3920 —
1715 3889 1760 3933 k.
1789 3889 1892 3932 Alc.
1918 3890 1998 3935 286
2030 3888 2219 3933 dolore.
2243 3888 2469 3933 —1.A1c.
2494 3888 2575 3933 286
2599 3891 2653 3932 et

510 3961 623 4005 Luc.
651 3961 866 4005 solidata
892 3961 1000 4006 loco
1023 3960 1272 4006 discessit.
1301 3961 1432 4004 Paris
1465 3960 1680 4005 solidata
1721 3961 1828 4006 laeta
1867 3960 2115 4005 discessit.
2145 3983 2199 3993 -
2228 3970 2295 4005 m.
2322 3960 2425 4004 Alc.
2463 3960 2544 4004 286
2580 3959 2646 4003 In

507 4036 726 4077 caustro.
754 4032 867 4076 Luc.
901 4033 1134 4087 Signum.
1174 4033 1232 4076 1η
1259 4035 1424 4076 castro
1450 4031 1622 4087 igitur.
1646 4055 1699 4063 —
1718 4044 1766 4075 η.
1795 4032 1897 4076 Alc.
1923 4032 2004 4077 ‘286
2025 4032 2314 4085 Montaqna.
2342 4031 2470 4083 Luc..
2512 4031 2645 4083 Ass.,

505 4105 621 4148 Aac.
663 4104 1011 4158 Montaqrana.
1051 4104 1185 4147 Paris
1221 4104 1562 4158 Montaqnata.
1592 4126 1644 4135 —
1687 4116 1729 4147 o.
1760 4102 1911 4158 Lecon
1951 4104 2006 4146 de
2047 4102 2177 4155 Luc„
2216 4103 2274 4145 de
2317 4102 2447 4154 Pau„
2494 4105 2542 4145 et
2581 4102 2645 4146 du

506 4175 747 4228 Dialogus,
772 4177 875 4220 Alc.
901 4175 981 4221 280
1018 4179 1065 4219 et
1100 4175 1233 4219 Paris
1264 4175 1488 4230 Solam-a.
1515 4175 1630 4219 Anc.
1657 4173 1942 4229 Colan9ria.
1972 4197 2025 4206 —
2050 4185 2101 4229 p.
2130 4173 2243 4217 Luc.
2271 4176 2318 4218 et
2351 4173 2483 4218 inde.
2507 4196 2561 4205 —
2590 4184 2644 4227 q.

506 4247 639 4291 Paris
662 4259 750 4291 om.
790 4247 970 4302 patris.
996 4269 1049 4278 —
1076 4259 1118 4290 r.
1144 4248 1247 4289 Alc.
1272 4247 1352 4292 286
1379 4245 1616 4302 qratiam.
1639 4269 1692 4280 —
1714 4257 1756 4292 s.
1782 4246 1886 4291 Ale.
1910 4247 2004 4300 286,
2033 4244 2168 4300 Luc„
2195 4245 2323 4299 Pad„
2351 4244 2498 4298 Paris,
2525 4245 2642 4291 Ass.

502 4323 682 4365 stratu.
706 4341 759 4352 —
783 4323 815 4365 t.
844 4318 955 4363 Luc.
982 4320 1397 4364 commorantem.
