3109 4950
908 453 964 500 s,
1021 453 1309 502 ,inmun
1358 453 1685 502 LEGBNDA
1733 453 1977 513 paim,
2043 434 2129 502 42
2449 434 2573 501 107

439 595 698 664 doloris
740 594 1089 686 angustia,
1135 593 1548 663 clamoribus
1596 593 2085 686 inquietavit&
2133 596 2199 662 4.
2249 592 2576 684 Sequenti

434 726 603 771 vero
632 702 767 782 die,
803 702 1219 771 intrantibus
1250 702 1336 770 ad
1367 725 1675 770 mensam
1707 699 2048 782 caeteris⁶‚
2084 710 2152 769 et
2180 699 2333 792 ipsa
2375 700 2575 768 simul

440 810 750 879 clanculo
810 809 1309 890 subintravit03
1364 820 1715 877 crescente
1758 817 1987 876 autem
2031 807 2348 876 sensimd
2384 806 2577 875 infir-

438 918 703 994 mitate,
729 941 852 984 nec
883 917 1107 985 cibum
1130 917 1442 1008 quideme
1473 916 1816 984 ullatenus
1851 938 2122 984 sumere
2153 915 2398 1008 potuit,
2422 915 2572 1002 sed,

441 1024 941 1116 prandentibus
999 1025 1295 1104 caeteris,
1338 1019 1492 1114 ipsa
1540 1047 1615 1091 se
1665 1023 1795 1091 huc
1847 1022 2142 1113 illucque
2195 1022 2567 1092 revolvits.

440 1137 506 1201 5.
536 1131 830 1201 Jubente
868 1130 1144 1221 igiture
1178 1129 1563 1210 abbatissa,
1590 1129 1677 1198 ad
1716 1129 2163 1197 infirmariam
2204 1126 2428 1195 delata
2469 1137 2576 1196 est

441 1250 536 1317 et,
572 1261 723 1329 quae
764 1236 895 1305 sibi
934 1236 1117 1305 votis
1156 1236 1474 1305 omnibus
1520 1237 1589 1304 in
1637 1236 1961 1328 praesenti
1996 1257 2266 1326 poenam
2297 1235 2322 1278 ¹⁸
2354 1234 2574 1325 infligi

440 1354 886 1436 poposcerat,
969 1344 1440 1435 multiplicatis
1512 1342 2127 1411 intercessionibus
2203 1341 2576 1409 remedium

438 1451 862 1543 postulabat.
898 1455 965 1521 6.
999 1450 1308 1520 Tandem
1334 1461 1562 1519 autem
1593 1451 2043 1519 reminiscens
2073 1449 2317 1516 mulier
2347 1472 2576 1539 quam·

439 1558 599 1627 dam
638 1558 820 1648 apud
860 1582 935 1626 se
975 1558 1221 1626 tunicae
1272 1557 1494 1625 sancti
1542 1556 1824 1625 Antonii
1872 1556 2276 1648 particulam
2327 1555 2578 1623 babere

439 1665 863 1734 reconditam
885 1666 927 1752 ἰ,
979 1665 1256 1733 allatam
1304 1664 1620 1756 protinus
1675 1664 1864 1732 sibii
1913 1661 2242 1754 applicuit
2298 1672 2366 1730 et
2423 1684 2580 1728 mox

439 1772 635 1841 dolor
672 1773 894 1842 omnis
936 1772 1302 1841 abscessit.

440 2209 562 2268 42.
589 2210 695 2267 De
726 2208 1035 2266 muliere
1064 2206 1410 2278 projecta.
1436 2207 1513 2265 in
1545 2220 1750 2277 aqua.
1776 2206 1854 2264 et
1879 2218 2023 2264 non
2051 2204 2495 2264 madefacta.
2520 2198 2575 2262 ἢ.

538 2521 597 2585 1.
642 2516 893 2586 Mulier
931 2515 1241 2606 quaedam
1283 2514 1366 2583 de
1406 2518 1641 2584 Monte
1681 2514 1883 2583 Silice
1908 2518 1955 2594 ¹,
1999 2514 2086 2583 ab
2127 2513 2412 2581 infantia
2454 2535 2579 2580 sua

444 2623 599 2692 fidei
630 2623 993 2691 devotione
1024 2622 1350 2714 religiosa
1379 2625 1422 2704 ἱ,
1464 2622 1614 2689 viro
1655 2622 1948 2700 cuidam,
1993 2619 2365 2687 secundum
2407 2617 2580 2685 desi·

442 2723 632 2798 deria
664 2730 892 2799 carnis
925 2730 1324 2808 ambulanti,
1350 2729 1765 2797 matrimonii
1795 2728 1949 2820 lege
1973 2742 2018 2771 ἠ
2051 2727 2412 2817 conjuncta
2444 2735 2575 2792 est.

446 2842 507 2906 2.
554 2839 716 2926 Qui,
751 2838 951 2927 juxta
1006 2837 1186 2929 quod
1241 2838 1571 2928 scriptum
1610 2847 1767 2905 est:
1816 2859 1948 2926 pet·
1997 2835 2363 2902 mulierem
2399 2832 2582 2922 fide-

448 2949 579 3013 lem
619 2944 1125 3034 sanctificatus
1176 2959 1279 3013 est
1318 2947 1425 3013 vir
1474 2944 1791 3034 infidelis
1814 2946 1862 3026 2,
1916 2941 2025 3009 die
2075 2940 2449 3032 quadamn‚
2493 2939 2580 3006 ad

449 3077 684 3144 preces
712 3051 948 3120 uxoris
980 3052 1403 3121 sacerdotem
1445 3051 1613 3119 adiit
1635 3063 1727 3130 et,
1762 3051 1942 3119 facta
1967 3060 2402 3141 peccatorum
2429 3071 2583 3115 con·

452 3161 747 3228 sessione
771 3174 828 3240 ⁰,
885 3158 1156 3227 domum
1204 3159 1503 3241 rediens,
1556 3161 1868 3227 iturumP
1916 3183 1990 3226 se
2049 3158 2135 3226 ad
2175 3155 2521 3224 visitanda
2550 3170 2579 3213 ‘1

501 3405 547 3437 a.
574 3393 707 3437 Paris
745 3392 1063 3447 inquietaret.
1083 3416 1137 3425 —
1161 3392 1203 3437 b.
1232 3392 1365 3437 Paris
1389 3391 1580 3437 caeteris
1619 3392 1685 3436 ad
1720 3402 1966 3436 mensam.
1991 3414 2044 3422 —
2068 3403 2112 3435 c.
2140 3390 2255 3434 Luc.
2284 3390 2509 3434 intravit.
2529 3411 2583 3421 -

450 3465 497 3508 d.
522 3466 626 3508 Alc.
658 3465 740 3509 286
773 3467 821 3508 et
861 3463 994 3508 Paris
1015 3475 1275 3509 sensuum.
1300 3488 1355 3496 -
1374 3475 1416 3508 e.
1445 3463 1578 3507 Paris
1601 3476 1690 3507 om.
1717 3463 1940 3518 quidem.
1965 3485 2019 3495 -
2042 3461 2077 3516 Γ.
2101 3461 2169 3505 Le
2195 3464 2312 3505 texte
2351 3461 2582 3504 d'Ancone

451 3538 495 3578 et
512 3535 554 3578 le
575 3535 802 3589 Dialogus
826 3535 1029 3589 aJ'outent
1044 3538 1158 3579 cette
1179 3536 1383 3579 curie-use
1408 3535 1744 3589 comparaison:
1767 3533 1835 3577 ila
1862 3534 2052 3588 quod..,
2070 3530 2404 3588 parturientis
2427 3542 2581 3583 more,

452 3607 546 3651 huc
580 3607 803 3661 illucque
843 3618 999 3662 super
1040 3616 1269 3650 mensam
1301 3619 1354 3650 se
1392 3606 1609 3649 volueret
1649 3609 1694 3650 et
1733 3604 1992 3649 clamaret.
2026 3627 2080 3636 ·-
2121 3616 2166 3660 9.
2206 3603 2318 3646 Luc.
2359 3615 2491 3657 erqo.
2529 3625 2584 3633 -

452 3678 497 3721 h.
526 3677 638 3722 Luc.
666 3677 719 3720 in
744 3677 981 3734 praesenti
1005 3677 1135 3722 votis
1160 3677 1395 3722 omnibus
1414 3688 1638 3732 poenam.
1661 3700 1715 3707 —
1737 3675 1767 3719 i.
1789 3676 1919 3719 Paris
1942 3675 2309 3720 absconditam.
2327 3674 2433 3729 —j.
2454 3672 2585 3718 Paris

451 3748 542 3793 sibi
566 3749 823 3804 protinus.
843 3773 895 3781 —
921 3749 968 3793 h.
987 3749 1119 3793 Paris
1137 3761 1226 3792 om.
1252 3761 1304 3791 ce
1328 3750 1448 3792 titre.
1468 3771 1521 3779 —
1546 3748 1578 3791 1.
1608 3747 1722 3791 Luc.
1748 3747 2070 3802 reliqioeo,—
2093 3757 2158 3790 m.
2181 3747 2284 3790 Alc.
2302 3746 2382 3789 ‘28ss
2402 3744 2584 3789 matri-

452 3822 636 3865 monio.
662 3843 715 3853 -
754 3832 804 3864 n.
833 3819 947 3864 Luc.
971 3823 1020 3864 et
1056 3820 1167 3864 Pad.
1196 3831 1289 3874 per
1317 3819 1586 3864 mulierem
1616 3818 1814 3874 fidelem
1844 3818 2205 3872 sanctificatus,
2234 3817 2315 3861 die
2344 3819 2582 3871 quadam.

456 3891 583 3937 Paris
621 3903 716 3947 per
751 3891 1023 3935 mulierem
1052 3891 1470 3947 sanctificandus,
1514 3890 1598 3935 die
1631 3890 1871 3945 quadarn.
1921 3912 1975 3922 -
2020 3901 2064 3933 o.
2093 3889 2224 3933 Paris
2272 3887 2586 3943 consessione

452 3966 791 4020 peccatorum.
815 3985 871 3996 -
888 3975 942 4019 p.
969 3961 1083 4007 Luc.
1108 3962 1309 4008 iterum.
1338 3985 1393 3994 —
1416 3973 1464 4017 q.
1488 3961 1594 4006 Alc.
1618 3962 1699 4006 286
1722 3973 1811 4005 om.
1837 3960 2107 4005 visitanda.

516 4154 559 4201 1.
583 4151 899 4211 Monselice,
946 4151 1119 4216 petite
1164 4150 1314 4213 ville,
1362 4151 1631 4202 autrefois
1675 4150 1929 4211 sortitum,
1975 4150 2010 4200 a
2039 4153 2098 4199 23
2129 4149 2465 4209 kilometres,
2511 4160 2584 4197 au

461 4231 757 4293 sud-ouest,
782 4231 853 4282 de
874 4230 1117 4281 Padoue.

518 4315 563 4361 2.
586 4311 620 4363 Ι
642 4313 789 4375 Cor„
819 4311 944 4373 VII,
974 4314 1051 4362 14.
