3109 4950
592 458 724 532 228
949 483 1009 529 S.
1060 482 1351 530 Amonn
1399 482 1723 530 mosum
1773 489 1808 525 «
1850 482 2273 530 sumemus
2317 489 2351 524 n

589 623 772 691 clare
827 622 1238 714 percipienS‚
1284 626 1428 691 Deo
1468 623 1735 713 gratias
1788 622 2160 691 immensas
2207 623 2353 713 egit
2399 633 2469 691 et
2517 623 2721 691 beato

587 729 770 821 patri
818 730 1119 798 Antonio
1169 753 1371 798 servo
1418 730 1593 820 ejus.
1643 732 1753 799 27.
1799 733 1890 798 Et
1928 754 2011 797 ex
2057 740 2243 809 tunc,
2297 730 2549 797 famulo
2594 731 2719 798 Dei

587 837 888 905 amicitia
923 836 1250 928 peculiari
1293 837 1670 917 cohaerenS,
1700 836 2130 905 devotionem
2173 836 2369 907 bonae
2405 838 2720 929 conjugis

587 968 1016 1036 nequaquam
1053 944 1341 1012 ulterius
1381 943 1736 1036 impedivit
1759 945 1806 1012 ¹.

675 1055 783 1121 28.
818 1052 945 1119 Eia
976 1075 1178 1132 nunc,
1210 1050 1623 1143 praedicator
1652 1051 2128 1143 insignissime
2157 1062 2225 1119 et
2252 1062 2564 1143 patrator
2593 1052 2722 1118 mi-

589 1159 972 1226 raculorum
1013 1158 1322 1249 egregie,
1356 1158 1856 1249 amplectantur
1886 1157 2130 1227 amodo
2170 1182 2409 1227 secure
2447 1170 2718 1227 tuarum

586 1265 1147 1357 praedicationum
1180 1265 1586 1346 doctrinam,
1621 1289 1825 1356 quarn
1854 1265 2175 1334 videlicet
2208 1289 2324 1333 rex
2366 1267 2714 1342 coelorum,

591 1373 923 1441 Dominus
980 1377 1182 1442 Jesus
1236 1372 1586 1451 Christu3‚
1645 1373 1745 1440 sic
1804 1372 2268 1440 confirmando
2333 1372 2719 1464 approbare

588 1479 918 1570 dignatus
984 1490 1091 1548 est
1156 1479 1634 1547 innumerabili
1699 1479 2173 1548 haereticorum
2239 1479 2713 1559 conversione,

587 1587 658 1653 in
727 1586 1247 1667 sacramentalis
1310 1585 1740 1654 eucharistiae
1804 1586 2057 1654 brutali
2111 1587 2575 1665 veneratione,
2644 1588 2718 1653 in

587 1694 886 1761 omnium
923 1693 1314 1783 linguarum
1357 1691 1667 1761 inaudita
1712 1693 2204 1784 prolocutione,
2240 1694 2311 1761 in
2358 1693 2719 1762 excessiva

587 1799 1202 1893 Montispessulani
1241 1799 1694 1890 apparitione,
1729 1799 1797 1867 in
1845 1800 2027 1867 illius
2071 1804 2402 1869 contracti
2446 1799 2721 1891 parvuli

587 1907 815 1976 subita
876 1906 1241 1985 erectione,
1301 1907 1371 1973 in
1436 1906 1622 1974 illius
1679 1907 1920 1997 puellae
1983 1930 2234 1998 gressu
2284 1908 2575 1999 privatae
2635 1930 2718 1974 ac

585 2014 822 2082 morbo
878 2014 1135 2082 caduco
1201 2014 1583 2082 laborantis
1644 2014 2029 2091 sanatione,
2093 2014 2164 2082 in
2218 2014 2404 2082 illius
2465 2014 2718 2082 nobilis

584 2120 958 2189 domicellae
1034 2144 1074 2189 a
1154 2120 1705 2211 coinquinatione
1781 2120 2072 2191 mirabili
2147 2122 2714 2212 praeservatione,

584 2228 855 2296 demum
915 2228 986 2295 in
1042 2226 1354 2295 miranda
1410 2238 1545 2296 tuae
1604 2227 1795 2296 vocis
1855 2227 1939 2295 de
1994 2238 2135 2296 tam
2184 2228 2466 2296 remotis
2519 2228 2720 2295 audi-

586 2336 771 2402 tione
810 2334 1166 2425 praeclara,
1224 2334 1459 2425 quide
1512 2334 1639 2402 hoc
1691 2333 1942 2401 mundo
1997 2335 2295 2402 transire
2343 2336 2582 2402 volunt
2622 2334 2710 2402 ad

586 2444 936 2527 mter-[147
978 2442 1022 2510 b
1068 2444 1134 2525 2]
1173 2464 1277 2509 nae
1314 2441 1477 2510 vita>
1517 2440 1771 2533 gaudia
1819 2442 2259 2533 repromissa.

674 2553 782 2619 29.
832 2550 1050 2639 Hujus
1087 2572 1253 2617 vero
1293 2548 1556 2619 Christi
1597 2550 1935 2640 praeconis
1978 2549 2206 2617 eximii
2250 2551 2536 2618 verbum
2585 2549 2715 2617 Dei

584 2671 711 2724 exa
745 2681 887 2734 ore,
934 2656 1123 2724 velut
1170 2656 1252 2724 de
1292 2656 1610 2724 candenti
1655 2657 1953 2736 fornace,
1996 2657 2401 2748 procedenS,
2436 2657 2523 2725 ad
2561 2668 2712 2726 tan·

582 2775 723 2832 tam
776 2763 1025 2830 mentis
1065 2762 1520 2842 devotionem,
1556 2763 1783 2831 cordis
1824 2763 2407 2854 compunctionem
2447 2772 2514 2830 et
2550 2786 2714 2853 pec-

579 2880 885 2938 catorum
951 2870 1498 2946 detestationem,
1564 2869 1633 2936 in
1687 2870 2018 2960 ejusmodi
2077 2869 2707 2960 praedicationibus,

577 2977 943 3045 universos
1026 2978 1366 3056 movebat,
1456 2977 1554 3044 sic
1640 2977 1975 3044 medullas
2058 2976 2285 3044 cordis
2369 2976 2714 3045 veraciter

578 3085 1061 3176 transfigebat,
1121 3084 1305 3175 quod
1359 3083 1627 3151 vicinus
1683 3084 1907 3151 vicino
1966 3083 2259 3161 dicebat,
2319 3085 2708 3174 querulosis

576 3192 864 3259 vocibus
925 3191 1262 3259 altissime
1325 3190 1783 3282 suspirando:
1826 3193 1951 3260 Vae
2000 3190 2162 3258 mibi
2226 3191 2501 3270 misero,
2546 3191 2709 3282 quia

578 3322 925 3389 nunquam
964 3297 1137 3365 scivi
1184 3296 1308 3365 hoc
1346 3321 1502 3365 esse
1554 3307 1907 3389 peccatum
1947 3297 2081 3365 nisi
2121 3297 2358 3365 modo!
2404 3298 2605 3385 Quod
2644 3298 2707 3366 si

578 3405 964 3487 scivissem,
1034 3404 1218 3472 absit
1292 3405 1470 3495 quod
1545 3405 1617 3471 in
1701 3415 2102 3497 perpetuum
2176 3404 2700 3473 commisissem.

574 3515 683 3582 30.
736 3513 933 3580 Alius
985 3511 1256 3580 aiebat:
1320 3511 1418 3580 Mi
1466 3511 1728 3579 amice⁶
1776 3511 2156 3594 carissime,
2213 3512 2597 3602 praemissa,
2640 3512 2701 3579 si

623 3737 669 3771 a.
701 3725 843 3770 Texte
869 3729 930 3770 ct.
956 3748 1009 3758 —
1035 3725 1078 3770 b.
1102 3725 1245 3770 Textc
1269 3724 1439 3771 amite.

632 3936 677 3984 1.
716 3932 793 3983 Le
825 3935 969 3984 texte
1004 3933 1072 3984 de
1103 3946 1164 3982 ce
1201 3934 1335 3984 recit
1372 3946 1432 3983 se
1461 3934 1736 3993 retrouve,
1769 3946 1902 3983 avec
1945 3933 2216 3998 quelques
2245 3934 2531 3983 variantes
2571 3945 2701 3982 sans

567 4014 928 4077 importance,
960 4013 1101 4063 dans
1131 4013 1212 4064 les
1242 4013 1525 4063 additions
1554 4013 1627 4064 du
1659 4013 1759 4063 Ms.
1788 4012 1856 4063 de
1887 4012 2134 4064 Lucerne
2165 4013 2252 4077 (V.
2285 4026 2453 4078 supra
2480 4026 2492 4061 :
2526 4015 2703 4065 Addi-

565 4094 680 4143 tion
722 4094 792 4154 11,
825 4102 900 4143 n··
931 4094 1092 4157 7-12.)
1127 4094 1173 4144 Il
1209 4096 1295 4144 est
1342 4092 1645 4157 reproduil,
1684 4106 1751 4142 en
1797 4093 2008 4154 grande
2042 4094 2221 4157 partie
2267 4093 2701 4152 textuellcment‚

566 4186 669 4238 par
707 4173 756 4223 le
790 4173 951 4223 Libet·
980 4174 1373 4224 miraculorum
1409 4173 1487 4236 (η’
1525 4175 1625 4236 32).
1661 4172 1738 4223 La
1782 4173 1856 4223 ssn
1900 4174 2051 4224 seule
2081 4173 2272 4223 differe
2301 4174 2544 4238 quelque
2573 4188 2700 4239 peu.

565 4253 914 4316 Barthelemy
946 4253 1014 4303 de
1042 4254 1167 4304 I‘ise
1197 4254 1356 4318 place
1386 4253 1436 4302 le
1466 4254 1697 4319 prodige
1723 4267 1791 4303 en
1823 4255 2062 4304 France:
2096 4254 2151 4304 in
2182 4254 2407 4305 civitate
2434 4255 2501 4304 de
2527 4254 2699 4306 ΡοιΙὶο

564 4333 665 4393 (Le
698 4334 830 4396 Puy)
862 4334 1024 4397 regni
1052 4334 1325 4385 Franrt'oe.
