3109 4950
797 427 1212 497 L'Arrsnmx
1264 450 1351 497 ns
1400 448 1781 500 mucuns
1831 430 2169 500 n'Ancons

2429 433 2555 501 153

484 590 571 642 On
600 592 734 652 voit,
772 604 841 643 en
876 592 1116 653 resume,
1152 605 1259 657 que
1297 591 1496 644 l'ordre
1543 592 1687 643 suivi
1731 605 1835 658 par
1879 593 1935 643 la
1964 591 2198 658 legenda
2236 592 2421 658 prima
2469 594 2557 644 est

418 685 661 738 presque
690 673 1115 739 completement
1144 672 1471 724 bouleverse
1495 672 1638 724 dans
1675 673 1725 723 le
1769 672 1872 723 Ms.
1900 672 2213 723 d'Ancone:
2244 684 2306 723 ce
2336 670 2555 723 dernier

420 752 599 804 donne
625 754 659 803 a
688 766 796 818 peu
834 754 962 818 pres
996 752 1275 819 pete-mele
1305 754 1386 804 les
1418 754 1582 804 recits
1611 766 1719 819 que
1749 752 1830 803 ies
1869 755 2057 803 autres
2083 752 2214 803 Mss.
2256 765 2395 803 nous
2425 756 2552 818 pre-

420 835 640 885 sentent
663 834 900 898 repartis
925 847 994 885 en
1024 849 1096 885 un
1127 834 1336 885 certain
1368 832 1598 884 nombre
1623 833 1692 883 de
1731 833 2039 895 categorias
2066 833 2315 896 iogiques
2345 835 2402 883 et
2426 836 2554 898 pre-

418 916 559 964 cises
591 927 604 963 :
633 913 701 963 de
720 914 1036 973 contractis,
1070 914 1136 964 dc
1161 914 1515 981 paralyticis,
1545 914 1612 963 de
1636 913 1812 973 cxc-ts,
1843 914 1910 963 de
1939 913 2148 973 surdis,
2179 915 2284 963 etc.

480 998 529 1044 4·
554 994 735 1055 Enna,
766 998 821 1045 et
863 997 1098 1056 surtout,
1136 994 1185 1045 le
1214 994 1416 1044 recueil
1464 993 1533 1044 de
1577 994 1832 1044 miracles
1875 992 2156 1045 d’Ancone
2185 1006 2244 1044 se
2274 993 2553 1057 distingue

420 1074 487 1124 de
516 1074 661 1125 celui
691 1074 789 1124 des
819 1077 1006 1125 autres
1036 1075 1168 1124 Mss.
1195 1088 1298 1139 par
1322 1074 1375 1124 ia
1412 1073 1716 1125 redaction.

483 1156 563 1215 Si,
599 1168 741 1219 pour
769 1155 821 1205 le
864 1154 1012 1215 i'ond,
1047 1154 1391 1206 abstraction
1438 1155 1570 1205 saite
1621 1152 1690 1204 de
1732 1155 1972 1204 certains
2020 1154 2220 1205 details
2262 1168 2369 1219 que
2412 1168 2551 1205 nous

421 1235 774 1297 signalerons
805 1233 932 1300 plus
961 1235 1092 1296 loin‚
1137 1234 1218 1285 les
1249 1235 1413 1286 recits
1455 1233 1738 1285 d’Ancone
1763 1236 1888 1284 sont
1917 1233 2227 1299 identiques
2252 1248 2358 1285 aux
2388 1236 2552 1285 recits

420 1315 631 1366 donnes
660 1330 764 1381 par
792 1315 1038 1378 ailleurS,
1078 1315 1115 1366 ii
1151 1316 1273 1365 n'en
1302 1318 1389 1365 est
1434 1329 1536 1380 pas
1585 1315 1654 1366 de
1703 1317 1879 1366 meme
1924 1329 1995 1366 au
2021 1316 2178 1380 point
2218 1315 2287 1366 de
2333 1328 2438 1367 vue
2476 1314 2550 1366 du

419 1397 581 1457 texte,
622 1395 912 1447 considere
951 1409 1082 1447 sous
1126 1396 1177 1446 le
1208 1397 1438 1461 rapport
1457 1395 1859 1459 grammatical.

480 1474 689 1540 Maigre
721 1476 960 1543 l'emploi
988 1489 1246 1527 commun
1283 1475 1410 1526 d'un
1442 1475 1618 1537 grand
1648 1475 1877 1526 nombre
1907 1475 1975 1526 de
2024 1478 2166 1525 mots
2195 1474 2549 1535 semblables,

413 1555 809 1619 i’agencement
838 1555 937 1607 des
966 1557 1200 1622 phrases
1225 1556 1380 1617 oil're,
1402 1555 1529 1606 d'un
1559 1558 1702 1606 texte
1727 1557 1760 1607 a
1791 1555 2006 1619 l’autre,
2024 1556 2093 1606 de
2119 1556 2164 1605 si
2188 1556 2550 1606 continueiles

414 1639 470 1686 et
498 1636 544 1686 si
576 1636 994 1688 considerables
1023 1636 1384 1700 divergences
1411 1636 1542 1701 qu'il
1574 1640 1662 1687 est
1690 1636 2014 1701 impossible
2043 1636 2111 1687 de
2142 1637 2259 1686 nier
2289 1637 2452 1702 qu'on
2483 1649 2551 1687 ne

414 1718 522 1766 soit
549 1730 616 1767 en
644 1720 909 1782 presence
938 1731 1047 1768 non
1081 1717 1244 1767 d'une
1273 1719 1432 1767 autre
1461 1716 1621 1779 lecon
1662 1716 2034 1781 simplement,
2075 1718 2214 1767 mais
2253 1716 2380 1767 bien
2423 1716 2550 1766 d'un

414 1798 809 1849 remaniernent
836 1798 1075 1863 complet
1099 1798 1156 1848 et
1184 1811 1253 1845 ex
1278 1796 1580 1847 industria.

476 1875 623 1928 Pour
668 1877 899 1939 donner,
930 1891 999 1928 au
1030 1877 1275 1942 surpluS‚
1307 1890 1416 1928 une
1448 1876 1569 1927 idee
1607 1876 1681 1926 du
1713 1877 1950 1941 procede
1988 1876 2056 1928 de
2100 1877 2550 1929 transformation

418 1958 521 2007 mis
550 1971 619 2008 en
648 1971 834 2008 oeuvre
877 1971 980 2022 par
1026 1957 1078 2009 le
1108 1957 1476 2022 compilateur
1502 1956 1804 2019 d'Ancone‚
1837 1957 1874 2007 il
1904 1971 2043 2009 nous
2073 1958 2260 2008 suilli-a
2298 1957 2368 2008 de
2395 1970 2551 2022 pren·

418 2035 514 2088 dre
550 2052 621 2088 au
654 2036 859 2088 hasard
885 2051 957 2087 un
986 2051 1058 2088 ou
1087 2036 1231 2088 deux
1258 2050 1527 2101 passages
1552 2035 1621 2087 de
1646 2051 1746 2087 son
1773 2037 2062 2103 Appendioe
2089 2038 2154 2087 cle
2181 2037 2469 2088 miraculis
2494 2040 2549 2087 et

415 2118 484 2169 de
512 2119 592 2169 les
622 2118 964 2183 rapprocher
993 2118 1091 2169 des
1122 2129 1395 2182 passages
1424 2117 1774 2183 equivalents
1804 2118 1902 2168 des
1927 2122 2113 2168 autres
2142 2119 2490 2169 manuscrits,

508 2356 692 2416 uss.
739 2357 830 2415 de
872 2356 956 2415 la.
993 2356 1318 2428 legenda.

776 2453 1044 2527 prima..

471 2621 531 2671 In
560 2622 787 2672 civitate
819 2620 1196 2683 Venetiamm,
1224 2620 1420 2671 mulier

412 2702 677 2766 quaedam,
688 2701 931 2753 Caesaria
945 2702 1182 2763 nomine,
1196 2713 1416 2751 manum

410 2781 617 2833 babens
678 2785 1042 2844 contractam,
1105 2781 1303 2846 pedem
1351 2783 1421 2831 si-

410 2863 660 2923 nistrum,
719 2859 936 2913 duobus
991 2863 1151 2912 annis
1225 2865 1278 2912 et
1351 2875 1418 2912 eo

408 2943 662 3007 amplius,
689 2944 893 2993 tortum
919 2954 983 2992 ex
1009 2944 1327 2993 transverso
1350 2941 1421 2992 ie·

408 3020 580 3073 rebat.
614 3021 766 3083 Quae,
788 3035 978 3087 quum,
1002 3025 1247 3088 tempore
1285 3034 1420 3071 mes·

408 3102 500 3163 sis,
530 3102 584 3152 in
613 3103 997 3167 episcopatum
1031 3102 1417 3153 paduanorum

405 3182 667 3244 venisset,
709 3185 772 3232 ut
818 3183 1003 3247 spicas
1040 3196 1160 3247 quae
1208 3184 1418 3233 meten-

406 3263 539 3314 tium
607 3276 805 3313 manus
872 3262 1195 3326 effugerent,
1269 3276 1419 3314 more

406 3356 733 3409 pauperum,
755 3342 1058 3407 colligeret,
1078 3345 1282 3396 auditis
1299 3357 1418 3411 quae

405 3436 504 3488 per
530 3421 683 3475 beati
712 3425 937 3475 Antonii
977 3426 1170 3476 merita
1192 3426 1416 3486 flebant,

405 3516 512 3553 non
542 3506 665 3555 sine
700 3518 900 3568 magno
937 3505 1146 3568 labore,
1187 3519 1416 3571 recupe-

405 3582 587 3635 randae
631 3585 890 3637 sanitatis
919 3588 1118 3650 gratia,
1169 3586 1414 3638 Paduam

404 3664 674 3727 pervenit.
709 3665 1021 3732 Quumque,
1048 3680 1157 3732 prae
1179 3667 1419 3718 multitu-

405 3743 529 3795 dine
573 3745 937 3805 iussrmorum,
966 3745 1037 3797 ad
1078 3761 1263 3798 arcam
1309 3762 1417 3799 non

402 3823 613 3876 valeret
654 3825 937 3887 accedere,
989 3840 1088 3892 per
1128 3828 1296 3879 sudes
1335 3842 1419 3878 ar·

404 3917 523 3956 cam
542 3905 967 3957 circumstantes
989 3907 1234 3959 immisso
1255 3909 1416 3974 pede,

405 3984 581 4036 locum
643 3985 885 4050 sepulcri
940 3987 1247 4039 conabatur
1298 4003 1418 4055 per·

408 4067 634 4130 tingere.
666 4067 790 4127 Quo
824 4080 1012 4132 quum,
1049 4073 1309 4133 protensa
1346 4073 1415 4121 ti·

406 4147 514 4208 bia,
544 4145 743 4212 pedem
769 4150 1125 4212 porrexisset,
1153 4163 1276 4201 mox
1302 4153 1417 4201 tan·

411 4230 494 4277 tus
528 4227 582 4277 in
621 4240 746 4278 eam
776 4225 935 4279 dolor
971 4229 1131 4280 irruit
1168 4232 1246 4292 ut,
1275 4243 1418 4281 com-

409 4308 566 4359 motis
606 4306 679 4360 ab
714 4308 831 4360 imo
873 4308 1198 4372 visceribus,
1254 4312 1415 4376 quasi

1531 2355 1923 2428 appendix
1992 2357 2084 2415 de
2152 2354 2546 2415 miraculis

1840 2455 2234 2516 d’Ancone.

1591 2622 1654 2671 In
1685 2622 1910 2672 civitate
1938 2623 2316 2682 venetiarum,
2347 2619 2541 2670 mulier

1528 2701 1793 2767 quaedam,
1813 2702 2054 2754 Caesaria
2077 2702 2314 2762 nomine,
2328 2700 2544 2751 duobus

1529 2784 1689 2833 annis
1734 2786 1789 2834 et
1826 2796 1893 2834 eo
1923 2782 2181 2848 amplius,
2228 2796 2338 2831 una
2380 2795 2544 2831 manu

1528 2866 1831 2924 contracta,
1888 2863 2084 2929 pedem
2141 2865 2421 2913 sinistrum
2478 2876 2544 2912 ex

1531 2946 1847 2995 transverso
1925 2943 2138 2995 serebat
2231 2943 2541 2993 distortum.

1529 3023 1681 3084 Qua»,
1738 3023 1944 3075 auditis
2017 3024 2295 3074 miraculis
2366 3024 2542 3073 sancti

1529 3105 1722 3168 patris,
1780 3104 2026 3155 Paduam
2067 3106 2282 3156 concito
2339 3117 2542 3169 prope-

1528 3184 1689 3234 ravit.
1713 3185 2022 3250 Quumque,
2053 3198 2163 3250 prae
2196 3182 2542 3235 multitudine

1529 3264 1889 3326 intirmorum,
1934 3280 2040 3316 non
2093 3265 2304 3316 valeret
2345 3263 2415 3315 ad
2454 3267 2542 3314 tu-

1529 3344 1734 3395 mulum
1812 3347 2204 3411 propinquare‚
2279 3347 2542 3410 protensa

1530 3424 1666 3477 tibia
1718 3426 2014 3491 sepulturoe
2074 3426 2252 3477 locum
2315 3431 2541 3489 tangere

1527 3505 1853 3557 conabatur.
1911 3507 2034 3567 Quo
2098 3520 2266 3571 quum
2323 3505 2540 3571 pedem,

1527 3587 1725 3638 salutis
1782 3588 1964 3646 anxia,
2023 3589 2378 3652 porrexisset,
2418 3600 2540 3637 mox

1526 3681 1650 3719 eam
1707 3667 1866 3719 dolor
1917 3670 2103 3718 tantus
2162 3668 2399 3732 arripuit
2461 3671 2541 3727 ut,

1528 3749 1816 3799 commotis
1862 3747 1935 3798 ab
1981 3750 2088 3798 imo
2127 3746 2433 3798 visceribus
2476 3762 2542 3798 ac

1529 3828 1866 3879 minantibus
1922 3829 2147 3888 exitum,
2199 3841 2309 3893 prae
2351 3827 2542 3878 dolore

1527 3909 1772 3960 sudaret.
1802 3908 2067 3960 videntes
2090 3912 2273 3960 autem
2301 3908 2395 3973 qui
2417 3908 2544 3960 ade-

1527 3993 1654 4041 rant
1719 3990 2030 4053 angustiam
2107 3989 2370 4051 mulieris,
2422 3992 2538 4051 jam

1526 4072 1670 4121 enim
1721 4083 1831 4134 prae
1891 4069 2176 4121 debilitate
2224 4071 2372 4136 loqui
2432 4083 2540 4120 non

1526 4152 1763 4216 poterat,
1792 4152 2136 4201 removentes
2155 4164 2275 4202 eam
2298 4165 2332 4201 a
2362 4151 2543 4216 sepui-

1526 4244 1640 4292 cr0‚
1665 4233 1821 4293 juxta
1853 4232 2040 4297 templi
2073 4235 2358 4296 parietem,
2391 4234 2540 4298 quie·

1527 4312 1598 4364 tis
1628 4313 1827 4377 gratia,
1858 4312 2198 4365 locaverunt.
2233 4312 2338 4366 Ubi
2368 4327 2535 4378 quum
