3109 4950
859 441 920 488 s,
976 440 1262 488 ΑΝτοΝιι
1309 442 1632 489 Leonum
1681 442 1929 502 rann,
1983 423 2070 489 44
2403 423 2525 490 111

394 580 529 661 vit3
572 579 1126 649 incumbentibus
1187 591 1413 650 tamen
1455 581 1679 650 adhuc
1735 581 2063 668 tenebris,
2123 579 2239 648 ubi
2309 581 2532 649 forent

394 687 504 755 vel
543 711 679 778 quo
708 687 1069 756 tenderent
1100 712 1295 756 nemo
1327 689 1673 780 cognovit.
1712 692 1778 758 6.
1815 691 1905 757 Et
1944 712 2097 756 ecce
2128 687 2211 754 de
2245 688 2427 766 navi,
2464 689 2532 756 in

393 818 527 884 qua
565 806 788 873 erant,
830 795 944 863 lux
975 795 1288 887 quaedam
1314 819 1602 886 egressa
1633 795 2047 886 navigantes
2085 818 2166 863 ac
2197 819 2336 886 pra}
2369 795 2532 863 laeti-

394 902 487 969 tia
528 901 1079 970 collacrimantes
1117 903 1501 994 praecessit,
1559 901 2015 993 ducatumque
2062 902 2404 993 praebens,
2448 901 2534 969 ad

393 1008 615 1076 locum
647 1010 870 1076 sancti
902 1011 1118 1078 Marci
1150 1009 1417 1100 parvuli
1440 1023 1498 1088 α,
1534 1032 1573 1076 a
1605 1009 1917 1094 Venetiis
1943 1033 2065 1100 per
2095 1009 2358 1076 miliare
2390 1008 2534 1076 dis·

395 1126 685 1196 tantem,
730 1115 963 1184 salvos
1017 1117 1360 1207 perduxit.
1409 1120 1471 1185 7.
1517 1117 1672 1202 Quo
1714 1139 1950 1208 quum,
2011 1116 2193 1185 beati
2252 1116 2534 1183 Antonii

398 1222 662 1290 meritis
703 1222 787 1290 dc
817 1246 1022 1291 manu
1075 1223 1315 1291 mortis
1359 1223 1606 1302 eruti⁶‚
1654 1222 2159 1314 pervenissent,
2214 1223 2534 1291 continuo

397 1329 533 1397 dux
572 1329 844 1399 itineris
901 1329 1127 1398 lumen
1184 1330 1526 1422 disparuit
1578 1330 1753 1398 etin
1793 1340 1940 1399 tuto
2005 1330 2298 1421 positis⁶
2353 1330 2533 1398 ultra

396 1437 630 1506 radios
691 1431 1071 1506 subtraxit.‘
1115 1441 1181 1507 8.
1241 1437 1575 1506 Dicebant
1635 1449 1862 1505 autem
1912 1437 2097 1528 quia,
2163 1437 2322 1505 dum
2386 1436 2532 1504 luce

397 1545 819 1635 praeambula
855 1569 1089 1636 aequor
1149 1555 1467 1636 pacatum
1520 1546 1894 1622 sulcarent,
1949 1555 2331 1612 currentem
2382 1567 2534 1610 cum

399 1651 655 1742 impetu
696 1675 937 1720 navem
978 1651 1187 1720 remis
1239 1651 1545 1719 detinere
1597 1651 1848 1730 conati,
1894 1651 2060 1718 nihil
2099 1651 2373 1718 omnino
2412 1674 2538 1718 va-

399 1757 695 1840 luerunt,
729 1758 1175 1851 quoadusque
1215 1758 1424 1827 ductu
1452 1758 1625 1826 lucis
1656 1758 1931 1849 praeviae
1963 1768 2198 1849 optata
2220 1757 2256 1800 ἅ
2287 1757 2538 1825 littoris

404 1866 700 1934 statione
731 1889 879 1935 eam
912 1876 1466 1958 composuerunt.
2129 1851 2134 1868 ’

718 2309 840 2367 44.
887 2310 994 2368 De
1038 2308 1318 2369 infideli
1360 2283 1722 2380 percusso
1754 2311 1831 2368 et
1861 2311 2137 2369 sanato
2166 2316 2214 2365 ⁶.

497 2629 554 2694 1.
595 2626 910 2697 Clericus
940 2626 1219 2717 quidam
1251 2626 1336 2695 de
1369 2626 1836 2717 Anguillaria¹
1870 2626 1912 2683 s
1918 2679 1934 2705 ‚
1980 2624 2378 2695 Gnidotuss
2419 2650 2540 2692 no-

408 2734 607 2813 mine,
673 2756 907 2824 quum,
967 2732 1076 2800 die
1133 2731 1453 2824 quadam,
1498 2733 1568 2798 in
1625 2756 1895 2801 camera
1935 2732 2188 2799 domini
2238 2732 2540 2822 episcopi

407 2840 710 2907 Paduani
751 2839 1192 2919 constitutuS‚
1241 2839 1506 2907 testes‘*
1539 2863 1745 2930 super
1787 2839 2135 2907 miraculis
2180 2838 2362 2906 beati
2404 2841 2540 2906 An-

408 2947 611 3013 tonii?
660 2947 1083 3038 deponentes
1123 2945 1478 3014 clanculos
1513 2946 1875 3015 derisisset
1896 2949 1945 3026 ¹2,
1992 2946 2304 3036 sequenti
2345 2956 2541 3012 nocte

406 3053 833 3122 validissimo
885 3053 1117 3121 dolore
1166 3078 1287 3145 per
1335 3063 1554 3121 totum
1618 3077 1866 3144 corpus
1923 3052 2154 3141 urgeri
2198 3052 2425 3141 coepit,
2474 3052 2540 3117 in

407 3170 667 3228 tantum
716 3170 817 3239 ut,
862 3159 1123 3251 absque
1174 3159 1627 3241 dubitatione,
1684 3160 1926 3227 mortis
1984 3159 2166 3225 sihi*
2216 3158 2539 3225 indicium

411 3266 715 3335 crederet
752 3266 1130 3335 imminere.

458 3520 503 3553 a.
527 3509 634 3553 Alc.
660 3508 741 3554 286
765 3521 855 3553 om.
879 3508 1099 3565 parvuli.
1120 3531 1174 3541 —
1204 3509 1246 3553 ὸ.
1273 3508 1409 3553 Paris
1426 3521 1516 3553 om.
1542 3509 1606 3553 de
1630 3520 1786 3552 manu
1813 3507 1991 3552 mortis
2015 3506 2161 3551 emeli.
2187 3530 2240 3539 —
2267 3519 2310 3551 c.
2339 3506 2469 3550 Paris
2495 3511 2541 3551 et

412 3579 659 3636 impositis
687 3580 862 3625 littori.
884 3602 938 3612 —
958 3580 1006 3624 d.
1026 3581 1130 3624 Alc.
1156 3580 1237 3625 286
1260 3580 1442 3624 oblata.
1463 3603 1515 3613 —
1539 3592 1580 3623 e.
1607 3579 1720 3624 Luc.
1745 3583 1792 3623 et
1812 3578 1945 3623 Puris
1963 3592 2052 3622 om.
2080 3591 2130 3620 ce
2152 3579 2270 3621 titre.
2287 3601 2339 3609 —
2365 3578 2399 3632 s.
2423 3577 2538 3621 Luc.

411 3651 745 3705 Anquillaria.
786 3650 923 3694 Paris
964 3651 1285 3705 Anquillaria.
1318 3674 1371 3683 —
1408 3664 1453 3707 9.
1496 3650 1611 3694 Luc.
1653 3651 1917 3704 Quidolus.
1955 3649 2067 3693 Pnd.
2113 3650 2363 3693 Widotus.
2407 3649 2542 3692 Paris

411 3722 599 3767 θυέτω.
642 3724 764 3766 Anc.
817 3723 1110 3767 Gnidon-tus.
1154 3745 1207 3755 —
1250 3724 1298 3766 h.
1339 3722 1453 3767 Luc.
1494 3735 1584 3766 om.
1630 3727 1791 3768 testes.
1834 3744 1886 3754 —
1928 3721 1958 3765 ἰ.
1991 3720 2123 3764 Paris
2158 3721 2286 3764 beati
2332 3719 2544 3764 Antonii

409 3794 688 3839 miraculis.
723 3817 777 3827 —
809 3794 850 3848 j.
887 3795 992 3838 Alc.
1018 3795 1098 3840 ‘286
1136 3806 1227 3838 om.
1260 3795 1508 3839 clanculo.
1532 3817 1588 3826 —
1623 3794 1667 3838 k.
1696 3794 1827 3838 Paris
1850 3793 1946 3837 sibi
1973 3793 2168 3837 mortis.

466 3985 508 4032 1.
536 3981 918 4047 Anguillaria,
968 3982 1049 4032 dit
1078 3982 1129 4032 le
1160 3982 1298 4032 Pere
1337 3983 1473 4033 Josa
1509 3981 1683 4048 (Leg.‚
1728 3985 1854 4043 eto„
1887 3996 1939 4046 p.
1970 3986 2049 4041 65,
2093 3982 2257 4043 note),
2316 3983 2400 4030 est
2439 3994 2544 4031 une

409 4061 624 4114 localite
655 4064 873 4112 voisine
897 4062 966 4112 de
993 4062 1046 4113 la
1071 4063 1203 4113 ville
1228 4063 1434 4114 d’Este.

465 4147 510 4193 2.
547 4144 627 4195 Ce
655 4144 751 4208 qui
785 4146 995 4194 ressort
1023 4146 1258 4204 surtout,
1290 4143 1451 4193 d'une
1483 4143 1644 4205 (acon
1666 4145 2028 4207 putoresque,
2052 4141 2120 4192 de
2143 4156 2203 4191 ce
2226 4143 2378 4203 recu,
2411 4142 2544 4191 c’est

410 4221 826 4288 l’antagonisme
850 4226 907 4273 et
935 4223 988 4273 la
1012 4224 1251 4285 jalousie
1272 4223 1372 4274 des
1398 4222 1574 4274 clercs
1602 4224 1864 4274 seculiers
1886 4223 1957 4272 du
1983 4223 2133 4272 XIII·
2155 4222 2321 4272 siecle
2353 4224 2542 4272 contre

409 4301 486 4354 les
513 4305 726 4356 moines
758 4302 1090 4367 meodiants,
1123 4303 1271 4355 leurs
1302 4305 1478 4355 saints
1503 4308 1557 4354 et
1589 4305 1735 4354 leurs
1766 4302 2040 4353 miracles,
