3109 4950
525 402 655 469 234
882 422 941 467 S.
996 420 1283 468 ΑΝτοΝιι
1331 421 1655 469 Lam-:nm
1711 429 1745 466 «
1787 424 2209 471 clamemus
2254 432 2285 466 n

523 560 686 629 mini
740 560 972 629 subito
1023 560 1449 651 ingredienS,
1509 572 1669 653 post
1719 562 2120 632 benevolam
2174 565 2659 634 salutationem

521 677 850 750 mutuam,
885 667 982 735 ait
1023 667 1195 736 sibi:
1248 670 1451 747 Ecce,
1507 669 1795 738 Domine
1852 671 2093 749 abbas,
2149 672 2388 740 relicto
2445 673 2658 742 asello

518 775 699 866 apud
741 774 1069 855 Paduam,
1105 799 1320 866 pergo
1359 776 1768 845 festinanter
1807 778 1893 845 ad
1934 778 2254 869 patriam.
2301 784 2365 848 5.
2403 782 2657 866 Quum-

522 906 651 973 que
677 893 1092 950 memoratus
1116 883 1332 951 abbas
1353 885 1665 973 graviter
1690 896 1853 953 tunc
1876 897 2227 976 pateretur
2253 887 2321 954 in
2349 898 2654 977 gutture,

521 1001 820 1080 tangens
860 1013 1011 1056 eum
1052 991 1275 1074 [148b
1306 994 1369 1073 2]
1408 983 1863 1059 amicabiliter
1899 1016 2049 1060 cum
2089 1016 2295 1061 manu
2330 995 2657 1063 beatissi-

524 1121 675 1165 mus
706 1107 903 1187 pater
934 1096 1169 1164 eodem
1199 1097 1270 1164 in
1300 1098 1448 1166 loco
1480 1109 1684 1189 atque
1715 1100 1802 1167 ab
1833 1099 1985 1190 ipsa
2016 1099 2218 1168 citius
2243 1101 2655 1192 aegritudine

524 1227 766 1272 sanum
831 1203 1115 1285 faciens,
1178 1205 1537 1274 confestim
1595 1207 1681 1274 ab
1737 1206 1953 1274 oculis
2013 1208 2163 1298 ejus
2205 1208 2483 1299 elapsus
2516 1218 2648 1276 est.

610 1314 677 1380 6.
735 1310 855 1377 Ille
901 1333 1091 1390 vero,
1135 1320 1387 1401 putans
1427 1310 1605 1402 quod
1648 1311 1733 1379 ad
1775 1312 2068 1404 patriam
2117 1324 2438 1404 pergeret
2475 1314 2655 1382 unde

518 1417 730 1485 traxit
767 1416 1129 1508 originem,
1162 1417 1496 1508 ignorans
1535 1442 1823 1509 prorsus
1864 1419 2013 1509 ejus
2052 1418 2413 1488 decessum
2447 1444 2656 1488 vene-

521 1523 829 1599 rabilem,
881 1523 1202 1593 continuo
1258 1526 1559 1594 surrexit
1606 1535 1674 1593 et
1721 1526 1946 1593 obviis
1994 1527 2193 1594 anxie
2253 1527 2654 1596 monasterii

517 1630 843 1722 parasitis
905 1632 1481 1722 percunctabatur
1544 1632 1823 1700 ubinam
1873 1632 1967 1701 sit
2014 1634 2226 1702 srater
2281 1635 2649 1703 Antonius,

523 1738 663 1828 Ipsi
715 1748 968 1819 autem,
1013 1738 1377 1807 admodum
1417 1740 1807 1830 stupefacti,
1850 1739 2351 1831 responderunt
2391 1742 2654 1833 simpli-

519 1845 688 1913 citer
727 1869 801 1913 se
845 1847 1133 1914 nescire.
1186 1849 1249 1915 7.
1303 1847 1455 1935 Quo
1508 1846 1793 1914 firmiter
1842 1858 2199 1916 asserente
2254 1872 2329 1916 se
2378 1849 2652 1918 omnino

521 1975 673 2020 eum
736 1952 999 2020 vidisse
1057 1965 1123 2021 et
1182 1977 1375 2021 suam
1429 1977 1770 2021 cameram
1808 1954 1878 2020 in
1917 1955 2053 2022 isto
2093 1954 2381 2023 instanti
2419 1956 2654 2047 utique

520 2059 820 2127 intrasse
873 2070 941 2127 et
984 2059 1236 2129 exiisse
1286 2070 1489 2151 atque
1528 2061 1741 2128 verba
1801 2062 2241 2153 supraposita
2293 2063 2654 2132 manifeste

525 2167 657 2235 sibi
714 2166 996 2250 dixisse,
1076 2168 1362 2236 missum
1424 2178 1530 2235 est
1587 2168 1673 2235 ad
1734 2160 1954 2236 locum
2012 2169 2323 2248 fratrum,
2368 2169 2429 2236 si
2481 2169 2653 2238 sorte

523 2272 607 2341 de
673 2273 972 2342 adventu
1038 2274 1259 2365 ipsius
1312 2273 1571 2366 aliquid
1628 2274 2092 2344 adverterant.
2147 2279 2214 2345 8.
2265 2275 2400 2344 Sed
2456 2278 2654 2345 nimi-

523 2405 673 2448 rum
745 2404 880 2448 non
953 2381 1231 2449 invento
1304 2406 1405 2463 eo,
1463 2382 1792 2474 praefatus
1847 2383 2093 2469 abbaS,
2156 2382 2244 2451 ad
2301 2407 2417 2451 cor
2475 2385 2654 2453 illico

522 2488 817 2572 redienS,
861 2489 1186 2581 cognovit
1223 2490 1606 2558 certissime
1646 2490 1920 2558 beatum
1958 2501 2221 2581 patrem
2259 2516 2384 2582 per
2413 2493 2655 2561 mortis

523 2619 878 2664 excessum
922 2596 1011 2664 ad
1071 2597 1311 2688 patriae
1364 2597 1666 2665 coelestis
1714 2621 2010 2689 perenne
2064 2598 2451 2666 convivium
2507 2599 2655 2667 seli-

522 2703 690 2771 citer
739 2704 1152 2793 perrexisse.
1213 2707 1278 2772 9.
1347 2706 1437 2772 Et
1493 2716 1873 2773 connotans
1929 2714 2200 2796 tempus
2257 2705 2653 2797 diligenter,

521 2810 956 2902 postmodum
1032 2810 1290 2902 liquido
1375 2811 1630 2901 reperit
1711 2811 1891 2903 quod
1965 2812 2079 2880 illa
2155 2811 2262 2880 die
2342 2824 2409 2881 et
2487 2813 2654 2881 hora

526 2927 807 2985 sanctus
856 2917 1025 2985 obiit
1073 2918 1321 3008 quibus
1344 2932 1402 3004 α,
1460 2928 1536 2985 ut
1589 2928 1697 2986 est
1753 2918 2031 2999 dictum,
2075 2919 2146 2987 in
2203 2942 2468 2987 camera
2528 2944 2653 2988 sua

526 3022 658 3092 sibi
709 3025 1054 3115 apparuit,
1098 3024 1276 3092 sicut
1322 3033 1563 3115 postea
1611 3025 1939 3093 fratribus
1987 3049 2138 3093 cum
2180 3025 2413 3094 multis
2451 3026 2654 3094 lacri-

525 3130 656 3197 mis
696 3132 1047 3200 enarravit
1074 3132 1119 3199 ¹.

620 3239 724 3306 10.
758 3240 939 3307 Vere
969 3238 1077 3306 hic
1109 3249 1392 3307 sanctus
1423 3249 1531 3306 est
1560 3239 1835 3331 magnis
1873 3240 2257 3310 omnimode
2286 3235 2650 3331 praeconiis

524 3344 976 3431 extollendus,
1025 3345 1165 3437 qui,
1208 3356 1285 3414 ut
1325 3346 1395 3412 in
1434 3346 1848 3436 praecedenti
1891 3346 2235 3438 legenda⁶
2275 3346 2654 3415 luculenter

524 3461 834 3542 apparet,
884 3452 1054 3520 adeo
1110 3452 1180 3519 in
1246 3463 1462 3521 morte
1520 3477 1648 3521 sua
1694 3453 2054 3543 potissima
2107 3454 2371 3522 exstitit
2424 3454 2653 3544 gratia

522 3559 825 3639 dotatus,
859 3558 930 3626 in
968 3560 1263 3626 videndo
1303 3561 1526 3650 ipsum
1570 3561 1957 3640 Dominum,
1991 3561 2061 3627 in
2103 3560 2508 3652 alloquendo
2547 3561 2655 3628 in-

523 3689 730 3756 super
766 3665 1086 3733 devotum
1141 3667 1459 3734 abbatem
1514 3677 1673 3757 post
1723 3667 1985 3735 felicem
2026 3691 2223 3734 suum
2263 3691 2648 3736 excessum.

577 3919 622 3952 a.
651 3907 794 3952 Texte
818 3909 876 3952 du
903 3909 993 3954 Ms.
1020 3907 1124 3964 qui.
1150 3931 1202 3940 —
1227 3908 1270 3956 b..
1294 3908 1438 3952 Textc
1463 3909 1679 3964 legandi.

588 4116 634 4163 1.
685 4113 793 4164 Les
835 4114 1122 4165 additions
1165 4113 1234 4164 de
1275 4113 1520 4165 Lucerne
1565 4115 1653 4178 (V.
1694 4127 1895 4179 supra:
1935 4114 2087 4165 Add.
2132 4115 2205 4174 ΙΙ,
2245 4123 2320 4164 n⁰⁸
2355 4117 2518 4178 29-38)
2562 4128 2657 4165 ra·

525 4196 748 4245 content
791 4196 934 4245 cette
981 4196 1295 4259 apparition
1327 4207 1395 4244 en
1428 4198 1631 4245 termes
1661 4194 1972 4259 identiques
2000 4197 2056 4245 et
2086 4194 2136 4244 le
2163 4193 2328 4245 Liber
2363 4194 2660 4245 miraculo-

524 4287 648 4324 rum
682 4274 759 4336 (n·
782 4278 863 4335 38)
891 4286 1028 4325 avec
1057 4276 1364 4326 seulement
1391 4276 1659 4340 quelques
1687 4274 1969 4326 variantes
1998 4273 2423 4340 d’expressionS.
