3109 4950
528 404 614 471 92
991 424 1051 469 s,
1106 423 1395 470 ΑΝτοΝιι
1446 424 1771 471 Laesum
1821 423 2065 484 pann,
2118 405 2198 470 31

527 563 823 631 maxima
851 562 1074 630 dietus
1104 562 1316 630 frater
1355 586 1532 642 eum,
1559 562 1674 654 qui
1706 586 1920 631 sanus
1952 562 2234 630 effeetus
2266 562 2513 641 suerat,
2543 585 2666 653 per

529 670 901 738 claustrum
940 669 1375 737 deambulare
1417 669 1693 737 faceret.
1741 673 1852 739 54.
1896 670 2227 748 Tandem,
2269 668 2665 737 videntibus

529 776 817 863 cunctis,
875 776 989 867 qui
1029 775 1235 844 dorso
1285 788 1527 845 vectus
1569 775 1969 856 advenerat,
2011 776 2307 866 propriis
2347 776 2663 866 pedibuS,

531 886 675 951 Deo
715 894 783 950 et
819 883 1022 952 beato
1060 883 1356 950 Antonio
1397 882 1664 973 gratias
1698 906 1942 973 agenS,
1985 883 2372 952 recedebat.

618 996 727 1058 55.
774 993 851 1058 In
906 991 1150 1080 Capite
1218 990 1473 1059 Gauri¹
1531 1001 1682 1058 erat
1731 989 1955 1081 puella
2013 989 2349 1080 quaedam,
2396 990 2666 1057 nomine

532 1096 987 1175 Samaritana,
1023 1120 1198 1187 quae,
1228 1120 1459 1187 quum,
1491 1107 1797 1187 tempore
1836 1096 2156 1188 quodam,
2187 1121 2310 1187 pro
2335 1097 2666 1188 colligen-

529 1203 636 1271 dis
665 1203 1129 1294 leguminibus
1168 1227 1319 1270 cum
1356 1203 1604 1294 puellis
1643 1204 1846 1271 aliis“
1874 1202 1992 1270 inb
2033 1227 2278 1295 agrum
2304 1204 2525 1293 patris
2557 1204 2666 1271 sui

526 1312 884 1388 intrasset,
929 1310 1158 1378 subito
1190 1310 1563 1379 contractis
1605 1310 1924 1401 genibuS,
1967 1334 2399 1402 nequaquam
2439 1311 2661 1379 redire

530 1418 777 1509 potuit,
815 1417 935 1486 sed
966 1417 1402 1508 portantibus
1449 1441 1598 1485 eam
1638 1418 1907 1486 caeteris
1934 1432 1961 1461 ⁰
1991 1418 2077 1485 ad
2110 1428 2396 1509 paterna
2427 1417 2665 1486 limina

528 1524 900 1604 remeavit;
979 1524 1239 1615 sieque,
1289 1524 1755 1593 invalescente
1813 1524 2073 1604 morbo,
2136 1525 2336 1592 annis
2401 1525 2653 1604 tribuS,

526 1642 809 1723 reptans
859 1630 1233 1699 manibus‘i
1283 1630 1645 1699 incedebat
1698 1642 1786 1712 et,
1834 1615 2206 1699 miserabili
2249 1632 2664 1722 spectaculo,

527 1749 767 1806 nates⁰
803 1738 1143 1806 haerentes
1184 1738 1330 1806 solo
1373 1737 1718 1806 trahebat.
1763 1742 1872 1806 56.
1921 1739 2047 1805 Die
2085 1738 2300 1829 igitur
2339 1738 2663 1828 quadam,

531 1846 711 1913 facta
750 1845 1202 1931 consessione,
1246 1844 1429 1912 dicta
1468 1845 1694 1934 puella
1733 1869 1884 1913 cum
1926 1856 2143 1914 matre
2174 1845 2260 1913 ad
2302 1845 2485 1913 beati
2529 1849 2663 1911 An-

527 1953 698 2021 tonii
730 1953 1060 2020 tumulum
1087 1952 1375 2043 supplex
1404 1951 1721 2034 advenit3
1754 1951 1873 2019 sed
1902 1962 1991 2033 et,
2017 1951 2432 2020 brevissima
2461 1952 2658 2030 hora,

528 2059 895 2151 pristinaes
931 2059 1211 2127 sanitati
1272 2058 1617 2139 restituta,
1676 2059 1976 2149 propriis
2032 2059 2324 2149 pedibus
2388 2059 2664 2127 domum

530 2169 945 2261 properavit.
978 2170 1086 2236 57.
1118 2166 1318 2254 Quod
1345 2189 1552 2257 quum
1585 2165 1864 2234 auribus
1891 2166 2121 2257 populi
2144 2165 2412 2257 Capitis
2444 2166 2663 2234 Gauri

534 2275 915 2344 nuntiatum
988 2274 1258 2354 suisset,
1320 2273 1618 2363 pulsatis
1702 2273 2081 2364 campanis,
2142 2296 2299 2340 mox
2357 2272 2662 2341 venienti

529 2391 969 2450 occurrerunt
1007 2391 1075 2448 et
1115 2380 1240 2449 Dei
1271 2379 1852 2471 magnificentiam
1882 2380 1952 2447 in
1993 2404 2073 2447 ea
2112 2380 2418 2448 venerati
2470 2390 2656 2448 sunt.

618 2493 727 2558 58.
767 2492 841 2556 In
864 2500 1091 2556 castro
1111 2502 1149 2546 ὅ
1169 2488 1251 2556 de
1283 2488 1805 2579 Montagnanak
1826 2491 1852 2534 2
1873 2499 2022 2557 erat
2048 2488 2289 2556 mulier
2318 2487 2658 2579 quaedam,

532 2597 801 2665 nomine
842 2595 1095 2675 Guina‚
1131 2618 1306 2686 quae,
1350 2595 1436 2663 ab
1468 2594 1669 2663 annis
1710 2595 1977 2664 duobus
2008 2595 2272 2663 humeri
2302 2620 2382 2664 ac
2421 2619 2666 2663 manus

530 2704 786 2772 dextrae
843 2703 1182 2793 impotens
1232 2701 1532 2782 effectas,
1590 2702 1758 2769 nibil
1810 2703 2086 2771 omnino
2128 2725 2334 2793 super
2374 2702 2661 2793 spathu-

528 2812 704 2880 lami
729 2811 904 2877 serre
936 2832 1059 2876 nee
1088 2809 1403 2877 manum*
1428 2808 1514 2877 ad
1542 2811 1658 2877 osl
1687 2820 1958 2900 poterat
1984 2810 2236 2878 levare.
2274 2812 2383 2879 59.
2407 2813 2660 2898 Quum·

531 2944 685 3010 quo,
748 2917 856 2986 die
906 2916 1227 3008 quadam,
1285 2915 1372 2984 ad
1431 2916 1764 2985 tumulum
1801 2917 1986 2985 beati
2026 2916 2309 2985 Antonii
2350 2917 2555 2985 semel
2596 2927 2665 2984 et

531 3027 777 3094 iterum
814 3025 1108 3105 intrans,
1152 3023 1407 3092 nullum
1437 3047 1726 3115 prorsus
1767 3023 2028 3092 humeri
2068 3048 2146 3091 ae
2186 3024 2450 3092 brachii
2485 3023 2663 3091 leva·

533 3157 685 3201 men
724 3132 1085 3212 sensisset,
1138 3131 1433 3199 accessit
1471 3130 1557 3199 ad
1591 3132 1870 3199 fratrem
1890 3146 1934 3174 '¹‘
1964 3132 2078 3222 qui
2109 3131 2469 3199 audiendis
2509 3154 2662 3200 eon·

530 3239 947 3308 sessionibus
977 3238 1454 3308 intendebam.
1499 3241 1608 3308 60.
1659 3242 1866 3307 Facta
1904 3237 2170 3330 igitur⁰
2204 3238 2658 3326 consessione,

586 3482 764 3527 a.Luc.
795 3481 910 3527 aliis
942 3479 1144 3538 puellis.
1182 3501 1236 3514 —-
1270 3481 1313 3525 b.
1353 3479 1471 3525 Luc.
1512 3489 1556 3523 et
1596 3479 1709 3525 Pad.
1735 3492 1824 3524 om.
1851 3477 1921 3524 in.
1958 3502 2012 3513 —
2045 3492 2089 3524 c.
2122 3479 2237 3525 Luc.
2266 3492 2356 3525 om.
2381 3481 2587 3525 caeteris.
2612 3503 2668 3515 —

533 3554 581 3598 d.
606 3553 719 3597 Luc.
743 3563 789 3598 et
826 3552 938 3597 Pad.
976 3552 1214 3596 manibus
1235 3554 1455 3607 reptans.
1477 3573 1531 3583 -
1551 3562 1594 3595 e.
1615 3551 1720 3595 Alc.
1741 3552 1821 3596 ‘286
1841 3553 2001 3595 natos.
2020 3573 2072 3583 -
2093 3550 2130 3605 s.
2156 3550 2288 3594 Paris
2309 3563 2399 3595 om.
2419 3552 2664 3606 pristiam.

531 3647 585 3660 -
604 3637 651 3679 9.
684 3624 798 3668 Luc.
835 3623 1070 3678 siquam.
1109 3623 1171 3667 ln
1209 3625 1390 3667 castro.
1411 3644 1465 3655 —
1498 3622 1546 3666 h.
1578 3621 1683 3666 Alc.
1705 3623 1784 3668 286
1805 3621 2060 3667 Montana.
2099 3621 2213 3666 Luc.
2250 3622 2594 3678 Moutoyrano.
2615 3644 2669 3655 —

534 3697 565 3741 ι’,
591 3696 697 3739 Alc.
731 3697 811 3741 ‘286
843 3696 1039 3749 affecta.
1064 3717 1118 3727 —
1142 3694 1187 3749 j.
1223 3693 1339 3738 Luc.
1364 3693 1619 3749 spathula.
1658 3716 1712 3727 —
1748 3693 1793 3737 k.
1819 3693 1933 3737 Luc.
1955 3704 2156 3738 manus.
2176 3716 2230 3726 —
2265 3694 2295 3737 l.
2321 3693 2454 3738 Puris
2485 3706 2584 3739 eos.
2614 3716 2668 3727 —

536 3779 601 3811 m.
638 3767 752 3811 Luc.
791 3767 992 3823 fratrea.
1018 3787 1072 3800 —
1104 3778 1154 3810 n.
1188 3765 1293 3810 Alc.
1324 3766 1403 3811 286
1436 3774 1481 3809 et
1518 3764 1634 3809 Luc.
1672 3764 2007 3810 intendebant.
2033 3787 2088 3798 —
2120 3777 2164 3810 ο.
2189 3764 2304 3810 Luc.
2342 3777 2432 3810 om.
2459 3763 2631 3821 iqitur.

598 3968 641 4015 1.
674 3965 950 4015 peut-etro
982 3964 1280 4029 Codes-garo,
1314 3964 1492 4025 (JOSA,
1524 3962 1678 4027 Leg„
1709 3964 1834 4024 ete„
1866 3975 1919 4026 p.
1942 3965 2021 4024 49,
2053 3963 2221 4027 note),
2244 3964 2398 4013 entre
2428 3964 2660 4015 Ferrare

534 4049 589 4096 et
615 4046 667 4095 la
702 4044 859 4094 Rada
886 4044 944 4093 di
976 4046 1137 4094 (iore.

597 4130 642 4174 2.
668 4124 1069 4189 Monlagnana,
1096 4124 1225 4174 ville
1250 4125 1345 4189 qui
1376 4137 1640 4174 conserve
1661 4137 1859 4175 encore
1875 4137 1942 4174 en
1960 4124 2136 4188 partie
2163 4138 2252 4174 ses
2280 4122 2663 4174 fortifications

534 4205 607 4254 dn
640 4219 829 4267 moyen
880 4206 982 4268 age
1014 4207 1068 4254 et
1098 4208 1181 4255 cst
1221 4206 1395 4255 situce
1432 4217 1670 4269 presque
1693 4205 1722 4253 a
1748 4204 1904 4266 egale
1934 4203 2184 4254 dIstance
2214 4203 2281 4253 de
2317 4203 2575 4253 Mantouc
2610 4208 2665 4255 et

535 4286 603 4335 de
637 4284 877 4335 Padoue.
