3109 4950
581 426 708 494 148
1125 445 1185 492 S.
1238 444 1525 490 Auroxm
1577 444 1899 491 Leonum
1948 442 2164 489 mum

576 583 932 675 religionis
963 584 1049 651 ad
1090 584 1624 673 triumphantem
1668 582 2027 651 ecclesiam
2075 581 2361 649 feliciter
2404 579 2712 648 destina·

573 692 700 760 vit.

671 800 775 866 19.
832 800 1152 888 Exsurge
1205 797 1463 889 itaque,
1506 798 1650 888 jam
1704 795 2151 864 devotissima
2205 805 2273 863 et
2313 795 2512 884 plena
2566 818 2717 861 mo·

576 904 757 972 dulis
788 904 855 971 in
885 903 1112 990 laude,
1146 905 1562 995 paupercula
1595 906 1908 971 Fratrum
1943 903 2188 993 religio
2229 903 2597 987 Minorum,
2633 925 2716 968 ac

575 1010 966 1079 laetabunda
1023 1011 1339 1101 omnique
1388 1010 1731 1101 spirituali
1770 1009 2200 1101 jucunditate
2238 1010 2516 1094 referta,
2563 1009 2714 1075 sine

576 1117 1084 1187 intermissione
1146 1118 1506 1185 Dominum
1564 1121 1782 1185 Deum
1838 1127 2029 1184 tuum
2080 1116 2392 1184 collauda
2450 1126 2517 1183 et
2573 1139 2712 1182 ma-

580 1225 857 1314 gnifica,
911 1226 1210 1315 totisque
1268 1224 1666 1316 praecordiis
1734 1224 1869 1314 ipsi
1926 1223 2275 1311 confitere,
2352 1223 2713 1312 ipsumque

578 1331 918 1418 beatifica,
966 1331 1248 1422 ejusque
1294 1331 1640 1421 majestati
1675 1330 1997 1422 gloriosae
2042 1329 2310 1421 gratias
2342 1328 2713 1396 inexhaus-

578 1449 716 1525 taS,
759 1461 1027 1505 summa
1077 1437 1305 1505 cordis
1358 1461 1510 1505 cum
1562 1436 1922 1505 devotione
1979 1436 2441 1527 rependendo,
2482 1435 2714 1503 multi-

581 1546 784 1638 plica,
834 1545 949 1635 qui
1002 1544 1216 1613 tantis
1265 1568 1345 1612 ac
1400 1544 1682 1629 talibus,
1730 1544 1829 1611 sic
1881 1544 2216 1613 virtuosis
2268 1554 2471 1633 atque
2527 1542 2714 1609 illus-

581 1653 832 1738 tribus,
887 1651 1057 1719 adeo
1123 1651 1401 1721 ineditis
1463 1675 1543 1719 ac
1610 1651 2016 1719 sublimibus
2083 1650 2411 1742 dignatus
2473 1660 2580 1716 est
2645 1660 2714 1717 te

581 1759 905 1827 decorare
960 1768 1027 1825 et
1082 1758 1301 1825 ditare
1350 1757 1689 1849 patronis,
1745 1757 2082 1850 insignire
2139 1755 2716 1825 intercessoribus

581 1890 660 1934 ac
698 1864 1176 1933 defensoribus
1214 1865 1601 1933 obfirmare.
1649 1867 1756 1932 20.
1804 1864 2073 1952 Quibus
2115 1876 2295 1932 certe
2334 1863 2538 1930 aliam
2579 1886 2718 1930 non

581 1983 746 2063 puto
776 1971 1178 2062 religionem
1213 1971 1609 2040 melioribus
1641 1971 2067 2040 adornatam.
2105 1973 2409 2058 Quorum
2450 1970 2716 2060 primus

580 2079 1025 2147 beatissimus
1102 2078 1367 2147 Christi
1441 2078 1769 2170 signifer,
1847 2078 2224 2170 singularis
2299 2087 2368 2144 et
2441 2078 2714 2161 unicus,

584 2185 891 2276 ejusdem
945 2185 1323 2270 confessor,
1368 2185 1807 2271 Franciscus,
1848 2183 2414 2275 quemadmodum
2468 2185 2716 2251 beatus

585 2295 830 2359 Petrus
885 2291 1239 2381 apostolus
1286 2291 1663 2360 universali
1712 2290 2043 2377 ecclesiae,
2087 2290 2186 2358 sic
2238 2289 2364 2357 tibi
2414 2289 2544 2357 iste
2597 2314 2718 2356 ex-

586 2398 761 2466 stitit
818 2397 1167 2484 fundator,
1227 2398 1600 2466 conductor
1661 2408 1730 2466 et
1783 2408 2043 2489 pastor.
2106 2402 2215 2466 21.
2270 2396 2466 2465 Alter
2518 2420 2714 2483 vem,

585 2506 846 2574 scilicet
881 2504 1323 2574 beatissimus
1365 2505 1472 2572 hic
1511 2518 1708 2597 pater
1744 2505 2114 2590 Antonius,
2147 2504 2718 2596 quemadmodum

582 2613 828 2681 beatus
897 2613 1149 2681 Paulus
1226 2613 1449 2680 eidem
1513 2612 1847 2699 ecclesiae,
1908 2612 2007 2680 sic
2074 2612 2205 2679 iste
2262 2611 2386 2680 tibi
2451 2611 2720 2678 exstitit

582 2719 1016 2812 praedicator,
1050 2720 1451 2788 informator
1480 2730 1547 2787 et
1578 2720 1852 2788 doctor:
1896 2718 2408 2810 praeclarissimi
2447 2729 2516 2786 et
2554 2718 2718 2785 insi-

584 2851 780 2918 gnes,
818 2830 924 2894 22.
963 2827 1046 2894 Hi
1078 2850 1368 2917 namque
1401 2837 1564 2895 sunt
1600 2825 2060 2917 limpidissimi
2092 2826 2269 2894 oculi
2299 2824 2719 2909 exsistentes

582 2935 651 3001 in
693 2933 914 3024 capite
955 2958 1256 3025 sponsae‚
1299 2934 1500 3025 hujus
1552 2934 1815 3002 scilicet
1851 2932 2207 3023 religionis
2258 2937 2401 3001 Deo
2440 2931 2716 3018 dicatae,

585 3042 744 3132 quia
781 3064 942 3108 vere
981 3040 1341 3108 illuminati
1380 3064 1421 3107 a
1461 3045 1605 3109 Deo
1648 3050 1851 3132 atque
1889 3040 2144 3121 dilecti,
2177 3040 2484 3129 aliosque
2522 3038 2717 3106 innu-

584 3171 809 3215 meros
848 3147 989 3215 sere
1027 3148 1491 3216 illuminantes
1530 3148 1765 3238 eisque
1795 3147 2187 3216 multimode
2226 3146 2714 3236 obsequente3‚

582 3254 822 3341 verb0,
865 3254 1199 3344 suffragio
1239 3254 1497 3346 pariter
1532 3264 1602 3322 et
1643 3255 1976 3346 exemp10,
2009 3254 2094 3321 de
2132 3253 2448 3328 manibus
2486 3252 2718 3320 inimi-

584 3384 815 3428 corum
869 3361 1204 3447 exuendO,
1259 3372 1573 3452 potenter
1629 3362 2002 3447 deducunt,
2045 3361 2332 3430 feliciter
2383 3359 2715 3428 inducunt

582 3467 669 3535 ad
712 3466 1108 3537 societatem
1147 3468 1397 3536 civium
1437 3492 1912 3560 supernorum.
