3109 4950
695 443 755 490 S.
807 442 1095 489 ANTONH
1144 442 1467 489 LEGENDA
1521 448 1553 485 ((
1607 441 2030 490 BENIGNITAS
2072 450 2105 487 ))
2333 421 2462 492 211

335 591 571 650 tantas
611 606 731 673 per
769 581 1114 650 diabolum
1154 582 1478 674 deceptas
1526 582 1792 651 animas
1844 583 1930 651 de
1987 583 2266 651 faecibus
2317 607 2465 675 pec·

335 699 640 756 catorum
681 688 950 757 reduxit
988 689 1074 756 ad
1113 689 1532 781 poenitentiae
1574 690 2002 758 salutiferum
2045 690 2357 758 fructum.
2398 694 2461 759 2.

331 799 486 879 [145
527 821 567 862 a
614 801 671 877 1]
730 796 947 886 Cujus
1000 796 1296 863 animam
1336 797 1468 864 etsi
1510 797 1788 889 gladius
1830 797 2294 888 persecutoris
2334 822 2468 865 non

330 904 647 985 abstulit,
691 903 985 995 palmam
1025 914 1255 972 tamen
1294 904 1600 995 ejusdem
1649 928 1784 972 non
1825 904 2126 974 amisit¹.

1348 1288 1458 1385 ,μ

426 1611 486 1674 1.
544 1607 969 1699 Quicumque
1008 1606 1224 1695 igitur
1272 1607 1475 1698 hujus
1515 1608 1738 1676 sancti
1777 1608 1909 1676 viri
1947 1607 2319 1698 diligenter
2361 1618 2467 1677 at-

330 1714 615 1781 tendere
688 1714 983 1783 voluerit
1037 1715 1107 1782 in
1163 1715 1454 1806 pueritia
1504 1714 1845 1783 laudabile
1898 1715 2329 1807 principium,
2396 1715 2467 1782 in

332 1821 795 1889 adolescentia
837 1844 1162 1912 magnum
1217 1821 1694 1890 {edificationis
1761 1823 2167 1914 exemplum,
2229 1823 2300 1889 in
2358 1847 2469 1891 se·

333 1927 553 1995 eundo
594 1928 903 1996 coenobio
933 1929 1330 2020 praeclaram
1371 1930 1922 1997 reformationem
1961 1954 2222 1998 morum
2264 1955 2471 2021 regu-

333 2035 601 2115 larium,
684 2035 756 2101 in
834 2036 1070 2103 eodem
1134 2035 1283 2103 loco
1357 2035 1676 2104 devotam
1743 2037 2323 2114 exercitationem,
2397 2037 2468 2104 in

334 2141 593 2210 orando
636 2152 705 2209 et
750 2142 1041 2233 legendo
1084 2143 1247 2211 utile
1288 2142 1617 2221 studium,
1662 2143 1996 2212 fervidum
2050 2144 2466 2211 desiderium

336 2248 670 2316 subeundi
737 2249 1163 2341 martyrium,
1240 2250 1674 2341 ingrediendi
1743 2253 2058 2318 Fratrum
2126 2251 2466 2319 Minorum

334 2356 643 2423 ordinem
709 2357 1083 2448 principale
1154 2357 1502 2440 motivum,
1571 2357 1657 2424 ad
1714 2358 2154 2426 mutationem
2215 2358 2465 2449 prioris

336 2463 632 2531 nominis
700 2463 857 2532 felix
930 2464 1288 2546 intentum,
1359 2463 1446 2533 ad
1519 2464 1912 2557 patiendum
1985 2490 2110 2558 pro
2184 2465 2465 2536 Christo

337 2582 789 2661 spontaneum
839 2595 1221 2659 accessum,
1262 2572 1349 2640 ad
1388 2572 1690 2639 divinam
1737 2573 2157 2642 voluntatem
2205 2573 2274 2640 in
2320 2596 2466 2640 om·

333 2679 535 2746 nibus
576 2678 1079 2770 exsequendam
1130 2679 1395 2746 firmum
1446 2680 1895 2771 propositum,
1948 2704 2098 2772 quae
2148 2680 2463 2770 superius

330 2796 567 2853 tacta⁰
619 2796 806 2871 sunt,
860 2785 1118 2877 liquido
1180 2786 1538 2853 advertere
1592 2787 1842 2877 poterit
1901 2810 2104 2878 quam
2167 2787 2464 2878 perfecte

332 2892 626 2959 famulus
682 2892 952 2960 Domini
991 2893 1077 2960 ad
1109 2902 1364 2960 statum
1412 2893 1770 2983 religionis
1824 2893 1916 2961 sit
1967 2917 2342 2961 conversus
2397 2905 2465 2962 et

333 2999 550 3066 eidem
607 2999 1104 3090 perfectissime
1151 2999 1455 3068 totaliter
1505 2999 1886 3077 dedicatus,

386 3288 432 3320 a.
463 3276 609 3320 Tene
641 3278 815 3322 tracta.

398 3514 442 3559 1.
481 3509 654 3575 Cujus
688 3510 994 3560 animam...
1027 3522 1135 3560 non
1164 3509 1393 3560 amisit:
1423 3512 1568 3561 cette
1611 3510 1834 3575 phrase,
1876 3511 2041 3576 qu'on
2071 3512 2264 3563 trouve
2311 3512 2461 3562 aussi

337 3588 474 3640 dans
509 3590 655 3641 Jean
707 3589 964 3654 Rigauld,
1009 3603 1131 3655 cap.
1162 3590 1262 3653 111,
1307 3592 1391 3641 est
1422 3591 1559 3642 tiree
1601 3590 1670 3641 de
1699 3592 1846 3642 saint
1875 3591 2281 3653 Bonaventure‚
2315 3591 2463 3658 Leg.‚

334 3683 454 3735 cap.
485 3670 584 3722 IX.

394 3755 441 3800 2.
480 3750 560 3801 Ce
587 3751 861 3814 fragment
890 3751 931 3801 F
961 3754 1047 3802 est
1094 3750 1274 3802 donne
1305 3764 1519 3802 comme
1551 3751 1706 3814 glose
1736 3752 1769 3802 a
1805 3751 1859 3802 la
1887 3753 2158 3818 premiere
2187 3754 2366 3817 partie
2391 3752 2466 3803 du

336 3831 588 3897 chapilre
618 3830 687 3882 de
721 3831 776 3881 la
801 3831 1035 3896 legenda
1066 3831 1249 3896 prima
1283 3847 1301 3881 .·
1336 3832 1614 3899 Quomodo
1659 3832 1811 3882 venii
1841 3832 2220 3883 Romaniolam
2249 3836 2301 3882 et
2328 3847 2466 3897 qua-

335 3912 460 3962 liter
489 3912 693 3962 ibidem
720 3912 879 3968 vixit,
898 3911 989 3975 (ou
1012 3912 1112 3962 Ms.
1145 3912 1302 3962 Paris
1329 3928 1343 3962 .·
1370 3912 1450 3963 De
1482 3913 1809 3962 austeritate
1831 3913 1954 3963 ricoe
1985 3913 2199 3978 ipsius).
2235 3914 2469 3963 suivant

336 3991 673 4042 l'indication
702 3991 770 4043 de
788 3996 945 4042 notre
966 3993 1196 4056 copiste‚
1228 3993 1263 4043 11
1289 3992 1407 4043 doit
1435 3995 1549 4043 etre
1576 3994 1630 4042 lu
1661 3995 1825 4058 apres
1847 3993 1927 4043 les
1961 3994 2342 4059 paragraplies
2372 3994 2468 4058 qui

336 4076 664 4136 rapportent
708 4073 761 4122 la
801 4075 1067 4137 presence
1105 4072 1399 4124 d’Antoine
1437 4087 1507 4123 au
1540 4074 1791 4138 chapitre
1826 4074 2092 4132 d’Assise‚
2125 4075 2249 4138 puis
2280 4088 2342 4122 sa
2373 4087 2469 4122 ve-

337 4164 441 4202 nue
470 4154 502 4202 a
527 4153 833 4215 l'ermitage
859 4152 928 4203 de
955 4152 1326 4218 MontepaolO.
1360 4153 1447 4217 (V.
1481 4167 1685 4218 supra:
1723 4154 1852 4218 Leg.
1874 4155 2078 4219 prima,
2109 4158 2154 4213 7,
2190 4155 2405 4218 n⁶·1·5.)
