3109 4950
561 420 651 487 80
1031 440 1092 487 S.
1143 438 1432 487 mronn
1482 440 1804 487 monum
1853 441 2096 501 PRIMA,
2148 421 2235 488 29

562 579 1110 670 expergefactuS,
1154 579 1470 649 dominus
1509 581 1622 648 ille
1660 591 1820 672 post
1847 580 2184 649 modicum
2225 579 2545 659 surrexit,
2578 604 2693 648 vo·

561 687 869 777 catisque
922 686 1038 778 qui
1088 686 1219 755 sibi
1260 687 1633 758 adstabant
1659 703 1690 732 ‘¹
1731 687 2023 769 clericis,
2066 711 2222 755 mox
2251 688 2587 755 visionem
2626 698 2693 755 et

557 794 1190 884 interpretationem
1224 796 1374 885 ejus
1405 796 1487 863 de
1508 795 1692 864 beati
1727 794 2006 863 Antonii
2039 795 2552 863 canonizatione
2583 795 2691 863 de·

556 912 760 968 votus
829 901 1172 992 exposuit,
1230 903 1579 970 affirmans
1650 903 1869 971 sancti
1910 902 2492 970 canonizationem
2546 904 2693 970 sine

558 1007 982 1076 dubitatione
1023 1008 1350 1077 suturam.
1392 1013 1496 1077 12.
1542 1011 1904 1100 Quumque
1936 1009 2022 1078 ad
2057 1008 2319 1078 curiam
2348 1009 2570 1078 iturus
2610 1009 2693 1077 de

562 1114 776 1183 solio⁶
814 1139 938 1183 suo
1005 1115 1505 1195 descendisset,
1572 1140 1727 1184 ecce
1795 1117 2128 1196 Paduani,
2189 1116 2389 1208 quasi
2459 1116 2690 1184 divino

562 1233 730 1290 nutu
760 1221 969 1302 ducti,
1006 1222 1092 1290 ad
1127 1224 1405 1313 januam
1449 1223 1887 1293 adstiterunt.
1930 1227 2033 1292 13.
2071 1225 2264 1310 Quos
2304 1248 2509 1316 quum
2551 1223 2694 1291 dic-

561 1339 675 1397 tus
715 1329 1031 1397 dominus
1061 1330 1174 1397 ille
1215 1331 1717 1421 conspexisset,
1760 1330 1846 1398 ad
1886 1331 2171 1398 clericos
2210 1331 2325 1422 qui
2360 1331 2491 1398 sibi
2532 1330 2694 1398 ads-

558 1436 801 1505 tabant
838 1460 1239 1516 conversus,
1283 1437 1481 1505 hilari
1520 1439 1717 1506 vultu
1748 1438 1842 1505 ait
1878 1462 1893 1504 ε
1928 1440 2106 1505 Ecce
2148 1437 2487 1505 somnium
2539 1461 2690 1504 nos-

558 1553 886 1613 trum⁶et
935 1543 1410 1635 interpretatio
1467 1545 1644 1636 ejus.
1708 1547 1788 1612 14
1847 1544 2096 1612 Divina
2156 1544 2373 1636 igitur
2424 1543 2690 1612 visione

557 1651 1010 1729 confortatus»,
1065 1650 1135 1718 in
1175 1661 1441 1720 tantum
1483 1675 1708 1720 causae
1773 1651 2250 1719 Paduanorum
2277 1651 2313 1694 ‘¹
2343 1661 2693 1742 promotor

557 1756 839 1825 effectus
880 1767 986 1824 est
1015 1768 1091 1825 ut
1124 1756 1246 1825 Dei
1278 1758 1837 1849 omnipotentiam
1869 1783 2004 1825 non
2034 1758 2484 1826 diuturnitate
2521 1767 2695 1826 tem-

554 1864 744 1955 poris
790 1864 1061 1954 alligari
1106 1888 1339 1956 posse,
1384 1890 1503 1933 nec
1546 1866 1766 1934 sancti
1809 1866 2100 1957 gloriam
2147 1866 2287 1934 ulla
2327 1875 2694 1933 consuetu-

557 1970 712 2038 dine
751 1970 1065 2062 impediri
1096 1971 1371 2059 debere,
1413 1971 1847 2042 constantius
1886 1972 2244 2063 allegaret.

868 2414 989 2476 29.
1022 2414 1127 2474 De
1157 2413 1728 2476 canonizatione
1758 2413 1969 2475 beati
1997 2413 2299 2475 Antonii
2327 2422 2374 2472 ι’.

645 2737 706 2801 1.
768 2731 1100 2801 Recitatis
1149 2733 1387 2823 igitur,
1430 2743 1507 2802 ut
1536 2733 1937 2825 praedictum
1970 2743 2100 2813 est,
2136 2756 2364 2801 coram
2412 2731 2686 2800 domino

550 2838 858 2907 Johanne
884 2840 947 2921 s,
1006 2840 1370 2908 Sabinensi
1410 2840 1756 2932 episcopo,
1812 2839 2186 2921 miraculiS,
2245 2839 2687 2908 attestatione

545 2946 929 3035 juratorum
979 2947 1379 3026 verificatis,
1424 2947 1824 3039 approbatis
1867 2970 1945 3015 ac
1993 2947 2318 3014 demuma
2361 2945 2683 3037 receptiS,

553 3063 700 3120 tota
739 3052 1185 3121 cardinalium
1218 3064 1287 3122 et
1317 3054 1779 3145 praelatorum,
1816 3054 1930 3146 qui
1960 3065 2122 3122 tunc
2162 3053 2232 3120 in
2263 3052 2451 3121 curia
2492 3063 2688 3121 erant

554 3171 933 3250 praesentes
957 3160 1013 3240 '',
1049 3160 1465 3229 universitas
1499 3172 1987 3252 congregatur.
2034 3165 2098 3228 2.
2139 3161 2246 3228 Fit
2283 3160 2558 3229 tandem
2601 3158 2685 3226 de

553 3266 735 3334 beati
778 3267 1057 3335 Antonii
1107 3269 1619 3337 canonizatione
1669 3268 1923 3336 mentio
1975 3279 2066 3342 et,
2110 3267 2682 3335 concordantibus

555 3374 623 3440 in
663 3373 960 3464 idipsum
991 3374 1280 3451 cunctis,
1316 3375 1704 3443 laetabunda
1738 3374 1940 3441 nimis
1972 3374 2354 3442 celebratur
2382 3372 2677 3440 collatio.

553 3484 618 3549 3.
667 3481 1034 3572 Indignum
1064 3481 1266 3549 valde
1307 3492 1437 3559 est,
1471 3481 1812 3573 inquiunt,
1856 3505 2007 3561 nos,
2051 3480 2230 3571 quod
2270 3480 2478 3559 absit,
2522 3480 2686 3547 bea-

552 3587 807 3654 tissimi
844 3587 1065 3679 patris
1098 3588 1381 3656 Antonii
1420 3589 1683 3657 meritis
1721 3587 2231 3656 venerationem
2270 3586 2572 3655 debitam
2611 3585 2682 3652 in

551 3695 757 3762 terris
802 3696 1231 3772 subtrahere,
1284 3719 1481 3786 quem
1515 3694 1736 3785 gloria
1790 3706 1859 3763 et
1913 3694 2166 3763 honore
2207 3694 2536 3784 dignatus
2577 3703 2685 3761 est

554 3802 884 3869 Dominus
948 3802 1332 3892 majestatis
1364 3802 1434 3869 in
1473 3802 1663 3870 coelis
1696 3825 2047 3869 coronare.
2084 3804 2150 3869 4.
2188 3804 2468 3891 Nempe,
2506 3800 2685 3867 sicut

546 3908 828 3978 veritati
870 3909 1348 3976 miraculorum
1388 3909 1684 4001 cognitae
1728 3909 1928 3976 fidem
1977 3933 2109 3976 non
2163 3906 2487 3975 adhibere
2527 3931 2684 3998 per-

601 4174 647 4207 a.
677 4161 796 4205 Luc.
833 4160 1148 4205 assistebant.
1172 4182 1227 4193 —
1264 4160 1307 4205 b.
1346 4160 1478 4205 Paris
1499 4160 1706 4206 solario.
1738 4182 1792 4193 —
1815 4172 1860 4205 c.
1883 4161 1985 4205 Alc.
2003 4160 2083 4205 ‘286
2101 4170 2295 4204 verimi.
2324 4181 2378 4192 —
2402 4159 2451 4204 d.
2476 4159 2583 4203 Alc.
2603 4159 2686 4204 288

551 4233 914 4278 Padianorum.
950 4254 1004 4267 —
1045 4245 1087 4277 e.
1129 4231 1262 4275 Paris
1289 4245 1379 4276 om.
1413 4245 1465 4276 ee
1497 4233 1619 4276 titre.
1651 4253 1705 4264 —
1742 4231 1779 4287 s.
1817 4231 1953 4276 Paris
1979 4245 2070 4277 om.
2104 4231 2352 4276 Johanne.
2391 4253 2445 4264 —
2471 4244 2519 4286 9.
2549 4229 2687 4275 Paris

549 4304 748 4348 deinde.
772 4326 826 4337 —
848 4305 897 4348 h.
924 4302 1064 4348 Paris
1090 4303 1179 4359 qui
1204 4306 1325 4349 tunc
1351 4303 1591 4360 temporis
1611 4306 1884 4360 praesenies
1908 4308 2067 4350 erant.
