3109 4950
593 435 724 501 240
873 454 999 500 Lus
1049 452 1359 500 souncns
1409 454 1494 500 nn
1545 432 1942 500 L'msrolns
1993 453 2441 499 mmmmm

591 606 778 644 coram
806 593 1075 659 episcopo,
1100 594 1332 644 testibus
1355 593 1571 644 idoneis
1596 593 1959 659 comprobari.
1980 592 2184 644 Eodem
2203 592 2372 644 etiam
2398 605 2564 653 anno,
2584 591 2723 642 idem

586 675 769 739 frater
795 673 994 725 Petras
1048 687 1279 739 sequens
1329 674 1658 725 miraculum
1699 674 1999 739 recollegit,
2052 676 2153 723 etc.
2172 674 2210 722 ¹.
2262 673 2360 734 Or,
2392 674 2555 737 qu'on
2606 686 2729 737 rap·

591 754 796 818 proche
829 767 922 805 ces
952 755 1173 819 paroles
1203 754 1271 805 de
1299 755 1466 806 celles
1505 757 1600 820 qui
1630 756 1927 805 terminent
1965 754 2021 804 la
2064 753 2296 816 legende
2345 766 2613 816 anonyme
2660 767 2727 804 en

590 835 875 899 question:
910 834 1168 901 Quaedam
1198 835 1264 884 cle
1289 835 1477 885 mallis
1503 835 1797 895 miracala,
1838 847 2066 900 qaorum
2106 835 2392 894 nonnulla,
2424 834 2583 883 nohis
2621 846 2728 883 cer·

590 915 846 965 uentibus
889 918 942 963 el
983 914 1410 981 palpitantibus,
1449 929 1598 965 anno
1642 915 1871 965 Domini
1908 911 2256 965 MCCXCIII
2299 917 2430 964 sunl
2474 917 2727 980 patrata,

589 995 727 1046 dari
756 995 1099 1059 infructuoso
1142 996 1365 1046 silentio
1399 1009 1508 1045 non
1538 994 1791 1061 legenda,
1833 994 1932 1045 sed
1966 994 2156 1059 polias
2199 994 2436 1045 breviter
2484 994 2728 1043 subscri-

591 1075 788 1125 benda.
822 1076 902 1126 De
927 1088 989 1126 ce
1016 1076 1478 1141 rapprocbement
1503 1089 1572 1125 ne
1599 1075 1926 1126 semble-t-il
1948 1088 2052 1138 pas
2076 1075 2336 1125 ressortir
2364 1087 2473 1138 que
2496 1074 2727 1123 l'auteur

590 1156 658 1206 de
689 1155 742 1205 la
772 1155 1001 1217 legende
1029 1158 1118 1206 est
1145 1169 1208 1205 ce
1244 1158 1422 1207 meme
1453 1157 1641 1206 Pierre
1674 1154 1975 1220 Raymond,
2006 1155 2216 1206 lecteur
2245 1155 2279 1205 a
2313 1154 2560 1215 Paeone,
2595 1153 2727 1204 dont

591 1236 747 1300 parle
767 1236 909 1286 Jean
941 1236 1176 1299 Rigauld
1206 1237 1230 1286 ἲ

655 1316 876 1367 D'autre
923 1320 1067 1381 part,
1101 1316 1320 1377 Rident,
1360 1317 1617 1367 dressant
1665 1330 1730 1367 sa
1762 1316 1889 1367 liste
1936 1315 2034 1366 des
2082 1315 2419 1380 biograpbes
2464 1314 2534 1365 de
2572 1316 2719 1364 saint

589 1396 848 1457 Antoine,
871 1396 971 1447 fait
1001 1398 1244 1447 mention
1273 1396 1400 1447 d'un
1430 1396 1869 1463 Raymandinas,
1893 1397 2103 1447 lecteur
2126 1397 2159 1446 a
2181 1395 2440 1446 Padoue:
2472 1395 2723 1458 Scripse-

589 1480 718 1525 ranl
746 1475 810 1526 de
843 1478 958 1527 vila
990 1476 1109 1540 ejus
1145 1477 1335 1527 beatas
1361 1477 1609 1529 Ioannes
1641 1477 2011 1533 Peclzanas,...
2042 1476 2257 1541 fratrer
2278 1475 2720 1540 Raymandinas,

589 1558 760 1607 lector
787 1556 991 1607 Patlaoe
1012 1560 1054 1608 2.

652 1637 793 1696 Quoi
825 1637 956 1702 qu’il
987 1650 1056 1688 en
1087 1639 1212 1698 soit,
1244 1638 1480 1688 l'auteur
1509 1639 1641 1689 s'est
1670 1639 1877 1703 insptre
1906 1638 1974 1688 de
2009 1637 2064 1687 la
2095 1637 2328 1702 legenda
2356 1637 2561 1702 prima,
2594 1636 2720 1701 qu’il

588 1718 699 1767 suit
726 1730 828 1782 pas
857 1718 888 1767 a
921 1731 1022 1781 pas
1052 1721 1108 1768 et
1149 1717 1284 1768 dont
1320 1719 1353 1768 il
1400 1718 1688 1783 reproduit
1731 1717 1958 1769 nombre
2002 1717 2071 1768 de
2103 1717 2353 1782 phrases.
2392 1717 2505 1768 Son
2541 1729 2721 1766 oeuvre

586 1802 671 1848 est
697 1798 916 1860 redigee
941 1797 1082 1848 dans
1111 1812 1184 1848 un
1215 1798 1353 1861 style
1381 1800 1759 1864 emphattque,
1783 1798 1948 1848 diffus
1977 1800 2031 1848 et
2052 1797 2272 1848 obscur.
2298 1796 2431 1846 Plus
2460 1797 2722 1847 lineraire

587 1879 1005 1944 qu'historique,
1034 1878 1142 1928 elle
1173 1880 1460 1944 n'apporte
1493 1880 1607 1929 rien
1639 1879 1707 1929 de
1738 1891 1988 1929 nouveau
2013 1880 2053 1928 3.

650 1960 758 2008 Sur
787 1958 841 2007 la
870 1958 1126 2023 question
1156 1957 1229 2008 du
1256 1959 1549 2008 sacerdoce
1579 1958 1895 2017 d'Antoine,
1921 1961 2091 2007 avant
2119 1971 2219 2008 son
2255 1957 2470 2007 arrivee
2501 1958 2535 2007 a
2566 1956 2720 2006 Mon-

587 2039 828 2103 tepaolO,
877 2038 982 2088 elle
1029 2040 1117 2089 est
1158 2038 1265 2088 sort
1317 2038 1665 2089 affirmative.
1716 2037 1795 2089 Ce
1844 2050 2085 2103 passage
2118 2041 2205 2089 est
2249 2036 2301 2088 le
2348 2037 2465 2088 seul
2512 2039 2607 2101 qui
2640 2050 2721 2087 me

587 2121 838 2184 paraisse
871 2119 1091 2169 meriter
1121 2117 1289 2169 d’etre
1319 2120 1460 2170 cite:

677 2344 835 2432 lpso
878 2341 1090 2432 igitur
1134 2342 1475 2429 (Antonio)
1531 2340 1631 2409 sic
1672 2340 2040 2409 salubriter
2078 2339 2461 2430 improvido
2493 2363 2713 2406 rema-

586 2460 812 2528 nente,
856 2447 1150 2517 occurrit
1188 2447 1618 2540 providentia
1658 2447 1982 2530 coelestiS,
2030 2471 2180 2539 quae
2222 2446 2428 2515 corda
2470 2470 2717 2538 rogen-

583 2558 751 2624 tium
802 2556 1215 2634 moderatur,
1267 2566 1335 2623 et
1387 2557 1673 2624 fratrem
1731 2555 2166 2634 Gratianum,
2217 2565 2379 2621 tunc
2426 2554 2714 2621 fratrum

588 2663 1047 2731 Romandiolae
1088 2662 1502 2743 ministrum,
1544 2663 1630 2730 ad
1671 2660 2059 2753 requirendi
2114 2661 2200 2728 ab
2250 2684 2329 2729 eo
2383 2660 2717 2728 sollicitu-

583 2770 810 2837 dinem
848 2769 1173 2838 excitavit
1211 2794 1299 2837 an
1339 2781 1526 2838 esset
1560 2768 1867 2836 ordinem
1900 2767 2267 2836 sacerdotii
2304 2769 2717 2835 assecutus?

584 2877 977 2968 Requirenti
1032 2887 1262 2944 autem
1315 2875 1670 2967 respondit
1706 2875 2115 2944 brevissime
2166 2897 2240 2942 se
2291 2873 2714 2942 sacerdotem

583 2984 941 3066 exsistere,
986 2983 1392 3075 multiloquii
1430 2984 1662 3051 vitans
1702 2983 2075 3073 periculum
2112 2981 2477 3053 brevitate.
2523 2983 2712 3049 Tunc

584 3090 762 3158 enim
829 3090 1155 3181 temporis
1223 3114 1476 3182 magna
1534 3100 1682 3157 erat
1738 3090 1810 3157 in
1874 3088 2112 3156 ordine
2167 3088 2421 3156 raritas
2482 3110 2712 3154 sacer-

582 3198 843 3284 dotum,
912 3198 1355 3289 plurimorum
1433 3197 1894 3288 simplicitate,
1958 3195 2437 3263 nonnullorum
2501 3194 2708 3262 etiam

583 3306 962 3374 humilitate
1028 3304 1484 3373 sacerdotium
1550 3302 2038 3382 recusantium,
2092 3301 2161 3369 id
2218 3301 2588 3393 agentibus
2639 3307 2711 3366 ut

581 3413 849 3481 radices
904 3412 1149 3504 figeret
1203 3411 1273 3479 in
1326 3410 1659 3501 principio
1709 3409 2284 3501 profundissimas
2334 3408 2543 3476 arbor
2597 3406 2708 3474 illa

583 3544 732 3612 quae
771 3520 1064 3587 fructum
1104 3529 1251 3586 erat
1288 3518 1358 3586 in
1395 3517 1736 3586 altissima
1774 3526 2197 3608 porrectura.

672 3626 1111 3697 Sacerdotem
1161 3626 1438 3694 tandem
1490 3624 1786 3693 nobilem
1837 3624 2210 3692 Antonium
2262 3623 2474 3692 frater
2533 3623 2709 3691 Gra-

580 3734 835 3814 tianus,
881 3758 920 3801 a
969 3733 1274 3824 generali
1321 3731 1634 3800 ministro
1685 3730 1945 3798 ordinis
1990 3730 2420 3822 requisitum,
2455 3729 2525 3797 in
2577 3733 2709 3796 Ro-

579 3841 991 3910 mandiolam
1057 3864 1286 3909 secum
1353 3839 1569 3907 duxit.
1633 3840 1786 3926 Quo
1844 3849 2200 3928 perventO,
2261 3861 2381 3905 sex
2461 3837 2707 3904 fratres

634 4102 671 4144 1.
702 4101 832 4145 ΜΛΝ
865 4100 1117 4152 ΒισΑυιυ,
1143 4111 1241 4153 cap.
1265 4099 1323 4151 X,
1351 4112 1505 4154 parag.
1529 4098 1550 4142 1
1574 4115 1584 4149 ;
1610 4096 1682 4142 ed.
1709 4098 1765 4142 du
1789 4097 1842 4141 P.
1867 4097 2143 4140 Fordinand.
2168 4109 2209 4152 p.
2240 4096 2332 4141 ¹30.

631 4172 671 4216 2.
699 4171 931 4224 Rmom,
955 4171 1082 4215 Hiel.
1108 4171 1308 4227 seraph.
1331 4172 1471 4224 reita.
1494 4169 1610 4214 libri
1635 4173 1748 4221 ires,
1779 4170 1855 4212 ΙίΙ).
1883 4169 1923 4219 1,
1950 4181 1993 4224 p.
2014 4169 2081 4212 83.
2112 4167 2308 4218 Venise,
2338 4166 2458 4211 1585.

631 4242 805 4287 :3.F.1¹e
843 4245 1023 4286 raconte
1046 4241 1262 4297 l't'visode
1301 4242 1360 4284 «lu
1393 4242 1596 4294 chapitre
1634 4241 1850 4288 d’ArIrs:
1889 4241 2002 4283 mais
2034 4242 2105 4282 cot
2128 4236 2314 4295 &pisone
2352 4249 2421 4281 est
2458 4237 2557 4292 «teja
2598 4237 2706 4278 «tans

580 4314 782 4357 Thomas
805 4314 860 4356 do
882 4313 1067 4366 celano,
1089 4314 1242 4357 Julion
1270 4313 1324 4355 ‹lo
1347 4313 1495 4367 Spire,
1518 4312 1851 4356 Bonuvemuro.
