3109 4950
510 408 597 475 42
977 426 1037 475 S.
1092 427 1379 475 mmmm
1428 428 1753 475 mesum
1801 429 2044 491 vanu,
2102 410 2183 477 10

508 567 939 636 infidelitatis
994 567 1363 636 abductum
1395 581 1447 648 ἃ,
1500 592 1624 659 per
1677 593 1950 637 servum
2009 594 2208 638 suum
2267 571 2639 639 Antonium

513 675 846 743 Dominus
901 675 988 742 ad
1025 675 1209 743 viam
1249 675 1565 744 veritatis
1628 678 2008 757 convertit;
2067 678 2207 770 qui,
2251 689 2319 745 et
2357 691 2640 769 accepta

508 782 933 873 poenitentia,
978 782 1320 850 mandatis
1350 792 1608 851 sanctae
1639 783 1965 852 Ecclesiae
2000 788 2321 853 Romanae
2351 786 2379 829 b
2417 810 2634 877 usque

508 890 579 957 in
609 901 635 935 ⁰
667 890 869 957 finem
899 890 1189 959 devotus
1209 889 1243 934 d
1273 890 1795 982 obtemperavit.

516 1308 630 1366 10.
666 1308 769 1365 De
800 1307 1015 1366 rama
1041 1307 1207 1379 ejus
1235 1309 1312 1366 et
1342 1307 1695 1368 efficacia.
1721 1315 1747 1348 Θ
1780 1307 2351 1379 praedicationis
2387 1309 2553 1381 ejus
2593 1303 2636 1368 f.

603 1600 662 1664 1.
709 1598 877 1665 Post
916 1596 1059 1665 haec
1110 1605 1360 1675 autem,
1414 1619 1646 1687 quum,
1700 1606 1993 1689 urgente
2042 1596 2359 1664 familiari
2402 1620 2636 1673 causa,

508 1703 821 1772 minister
859 1702 1160 1770 ordinis¹
1194 1726 1468 1771 servum
1501 1703 1626 1771 Dei
1667 1703 2040 1770 Antonium
2069 1702 2158 1770 ad
2188 1703 2445 1771 curiam
2487 1704 2637 1772 des·

505 1811 800 1878 tinasset
821 1823 883 1888 8,
925 1810 1045 1877 tali
1097 1834 1250 1878 eum
1278 1810 1562 1877 l'avore'¹
1602 1809 1780 1900 apud
1835 1810 2264 1878 venerabiles
2311 1811 2638 1879 Ecclesia>

506 1917 853 2009 principes
892 1915 1208 1984 donaviti
1246 1917 1649 1985 Altissimus
1690 1928 1765 1984 ut
1809 1941 1846 1983 a
1890 1940 2153 1985 summo
2193 1919 2511 2008 pontifice
2572 1928 2640 1986 et

507 2024 833 2092 universa
848 2023 1293 2092 cardinalium
1312 2023 1744 2092 multitudine
1770 2023 2256 2091 ardentissima
2277 2024 2638 2093 devotione

508 2131 860 2200 audiretur
898 2130 1292 2220 praedicatio
1322 2130 1529 2198 illius.
1566 2134 1629 2198 2.
1668 2133 1924 2221 Nempe
1964 2131 2142 2198 enim
2193 2130 2358 2198 talia
2399 2143 2466 2199 et
2496 2141 2636 2198 tam

506 2237 843 2329 profunda
896 2237 980 2305 de
1020 2238 1394 2328 Scripturis
1458 2236 1749 2306 facundo
1791 2237 2185 2305 eructabat}
2242 2238 2510 2329 eloquio
2559 2248 2636 2306 ut

507 2345 594 2413 ab
632 2345 784 2435 ipso
832 2344 1103 2412 domino
1156 2368 1358 2436 papa,
1420 2344 1738 2411 familiari
1794 2344 2087 2435 quadam
2144 2345 2632 2436 praerogativa,

504 2455 696 2526 Area
737 2454 1143 2522 testamenti
1177 2463 1564 2522 vocaretur.

594 2563 659 2629 3.
718 2562 955 2628 Sermo
995 2583 1284 2651 namque
1342 2560 1587 2652 ipsius,
1645 2560 1715 2627 in
1755 2560 1999 2653 gratiae
2031 2561 2061 2604 ’ἰ
2100 2561 2243 2629 sale
2286 2560 2633 2647 condituS‚

505 2691 640 2736 non
671 2666 1138 2735 mediocriterl
1174 2667 1612 2735 audientibus
1638 2668 1936 2758 gratiam
1958 2668 2371 2736 conferebat.
2407 2671 2474 2735 4.
2513 2669 2637 2737 Mi-

505 2775 838 2846 rabantur
884 2775 1179 2867 majores
1240 2774 1461 2841 virum
1502 2774 1885 2864 pubetenus
1928 2774 2209 2843 idiotam
2250 2774 2638 2866 spiritualia

558 2966 603 2999 a.
631 2953 767 2998 Paris
790 2953 1080 2999 obductum.
1096 2975 1150 2985 —
1179 2953 1222 2998 b.
1245 2952 1382 2996 Puris
1409 2953 1650 2998 Romanae
1679 2953 1932 2998 Ecclesiae.
1957 2977 2010 2987 -
2030 2967 2072 2998 c.
2095 2955 2200 2999 Alc.
2219 2956 2299 3001 293
2327 2966 2372 2999 et
2392 2955 2529 3000 Paris
2554 2957 2634 3001 ad.

501 3049 558 3059 —
576 3026 624 3071 d.
654 3025 788 3074 Puris
815 3025 1005 3071 deuote.
1034 3047 1087 3057 —
1115 3036 1156 3068 e.
1186 3024 1296 3069 Pad.
1322 3024 1391 3069 De
1412 3023 1552 3079 sama
1590 3028 1637 3068 et
1670 3025 1917 3080 efficacia.
1956 3048 2008 3058 —
2049 3026 2087 3081 Ῑ.
2125 3026 2259 3070 Paris
2287 3028 2357 3071 De
2377 3039 2638 3071 commen-

505 3096 707 3143 datione
735 3095 1115 3154 praedicationis
1138 3095 1263 3151 ejus.
1284 3118 1337 3129 —
1356 3108 1402 3152 9.
1432 3096 1566 3140 Paris
1586 3096 1890 3141 misisset.—
1919 3098 1967 3141 h.
1993 3097 2127 3141 Paris
2147 3097 2357 3153 fervore.
2377 3122 2430 3154 -.·
2461 3098 2493 3143 i.
2527 3099 2632 3143 Ale.

502 3169 583 3215 203
602 3168 808 3215 dotavit.
838 3191 891 3201 —
912 3168 953 3226 j.
985 3168 1120 3212 Paris
1138 3167 1448 3214 eructuabat.
1478 3191 1531 3201 -
1562 3167 1608 3213 k.
1638 3167 1743 3212 Alc.
1760 3169 1855 3221 286.
1885 3169 1987 3212 Alc.
2024 3171 2119 3222 293,
2144 3169 2273 3222 Ριά.,
2295 3168 2430 3214 Paris
2454 3172 2632 3226 qratia.

500 3264 554 3274 —
583 3241 615 3287 1.
648 3240 782 3285 Paris
802 3240 1125 3285 mediocrem.

565 3406 609 3452 1.
642 3402 721 3452 La
739 3402 964 3467 plupart
988 3401 1086 3452 des
1114 3402 1450 3468 biographes
1477 3403 1767 3454 modernas
1795 3406 1892 3454 ont
1917 3406 2087 3468 pense
2117 3404 2247 3468 qu'il
2275 3404 2438 3467 s'agit
2469 3405 2536 3455 ici
2562 3404 2632 3456 de

501 3484 643 3534 Jean
676 3482 918 3542 Parenti,
944 3483 1038 3546 qui
1068 3482 1147 3532 sut
1175 3483 1399 3545 general
1429 3483 1527 3533 des
1574 3484 1770 3534 Freres
1801 3485 2042 3533 mineurs
2087 3483 2153 3534 de
2199 3487 2318 3533 1227
2344 3485 2376 3534 a
2409 3487 2530 3534 1232
2561 3499 2631 3535 ου

504 3566 642 3625 1233,
688 3562 844 3626 (Voir
877 3563 936 3611 E.
970 3562 1182 3623 Lemma,
1236 3562 1324 3613 Fr.
1358 3563 1479 3614 Elie
1524 3563 1588 3614 de
1635 3565 1883 3625 Cor-tone,
1916 3579 1967 3628 p.
1999 3568 2077 3625 92,
2111 3567 2237 3614 note
2276 3567 2345 3624 2).
2395 3566 2634 3615 Anioine

502 3644 686 3694 auralt
713 3644 813 3694 fait
842 3644 1021 3708 partie
1051 3642 1212 3693 d'une
1241 3642 1552 3706 delegation
1586 3647 1824 3707 envoyee
1859 3646 1893 3694 a
1921 3645 2184 3707 Gregoire
2215 3645 2310 3705 IX,
2343 3645 2374 3694 a
2407 3644 2460 3694 la
2490 3646 2636 3695 suile

501 3724 600 3775 des
650 3722 896 3774 troubles
930 3723 1141 3787 qu'Elie
1189 3726 1244 3773 et
1286 3737 1375 3774 ses
1412 3725 1692 3788 partisans
1735 3725 1987 3774 auraient
2026 3726 2260 3774 suscites
2308 3738 2379 3774 au
2410 3725 2527 3775 sein
2559 3724 2635 3775 du

500 3805 751 3869 chapltre
781 3802 850 3854 de
879 3806 1014 3853 1230.
1050 3803 1336 3854 Eccleston
1379 3804 1521 3864 (Lib.
1567 3804 1632 3854 de
1680 3805 1922 3855 adventu
1963 3803 2054 3854 Fr.
2086 3803 2219 3855 Min.
2254 3805 2312 3854 in
2350 3805 2633 3871 magliam,

501 3885 625 3936 coll.
659 3885 811 3946 XIII,
862 3884 1004 3934 alias
1051 3884 1173 3946 XII,
1220 3899 1310 3949 ap.
1342 3885 1503 3936 Anat.
1535 3885 1913 3948 srancIscana,
1951 3887 1986 3934 t.
2019 3886 2061 3934 Ι.
2108 3885 2438 3946 Quaracchi‚
2471 3888 2632 3946 1885),

501 3961 747 4016 Ιέἰίῐὶτιῃθ
787 3964 1205 4015 formellement.
1248 3965 1401 4015 Nous
1445 3964 1654 4015 devons
1700 3965 1835 4026 dire,
1882 3965 2158 4025 toutefois·‚
2190 3978 2296 4029 que
2323 3965 2373 4014 le
2402 3963 2635 4016 docteur

502 4047 714 4111 Lempp
762 4044 1125 4108 (Zeitschrt’st,
1157 4047 1195 4094 t.
1224 4045 1354 4094 XIII
1389 4049 1443 4095 et
1475 4044 1563 4095 Fr.
1595 4045 1717 4095 Elie
1759 4045 1825 4095 de
1861 4045 2109 4106 Conone,
2132 4058 2187 4109 p.
2219 4049 2280 4094 96
2318 4049 2372 4096 et
2406 4046 2570 4110 suiv.)
2599 4060 2634 4096 a

500 4126 731 4177 formale
776 4128 964 4175 contre
1017 4139 1079 4175 ce
1113 4126 1250 4175 tecit
1290 4124 1361 4174 du
1409 4126 1782 4190 chroniqucur
1826 4126 2041 4188 anglais
2089 4123 2299 4174 d’assez
2351 4126 2629 4176 serieuses

498 4207 822 4269 objections.
854 4208 901 4256 Α
934 4219 1060 4257 mon
1085 4207 1224 4267 avis,
1246 4206 1301 4256 la
1330 4207 1584 4271 question
1610 4206 1867 4257 domeure
1897 4205 2131 4257 obscure
2148 4209 2204 4256 et
2231 4220 2371 4256 nous
2399 4207 2631 4258 n’avons

496 4289 683 4353 guare,
708 4288 928 4353 jusqu’a
957 4289 1202 4353 present,
1238 4286 1319 4338 les
1347 4288 1612 4339 elementa
1643 4285 1924 4337 sufflsants
1957 4300 2096 4351 pour
2125 4287 2181 4337 la
2209 4286 2491 4339 resoudre.
