3109 4950
525 420 651 487 124
1073 439 1133 485 s,
1186 438 1476 484 ANTomt
1526 438 1851 485 LEGENDA
1899 438 2116 483 anx
2158 475 2162 480 .

521 579 862 645 Minorum
929 577 1011 644 de
1077 602 1265 668 purae
1331 576 1697 668 theologiae
1780 600 1987 644 sensu
2059 576 2352 667 mystico
2422 576 2653 645 hausit

520 685 941 776 plenissime,
976 683 1189 752 divini
1231 683 1402 752 radii
1443 684 1668 775 gratia
1710 684 2193 775 perlustratus,
2228 685 2654 775 Quamplura

521 792 654 859 alia
693 792 841 883 ipse
882 792 1072 882 ponit
1110 791 1229 864 ibi.
1274 801 1403 859 etc.

609 902 719 967 32.
765 902 987 986 Quam
1026 898 1329 989 profecto
1362 922 1700 967 cameram
1731 908 2011 966 sanctus
2044 898 2386 966 Antonius
2427 898 2654 967 subito

521 1007 712 1074 solus
753 1004 1174 1095 ingrediens,
1210 1015 1367 1096 post
1413 1005 1816 1074 benevolam
1860 1006 2341 1073 salutationem
2381 1030 2652 1095 permu-

520 1123 733 1192 tuam,
768 1116 865 1180 ait
896 1112 1027 1180 sibi
1062 1137 1077 1179 z
1123 1116 1324 1194 Ecce,
1366 1113 1637 1179 domine
1677 1112 1919 1191 abbaS,
1963 1113 2198 1180 relicto
2230 1113 2442 1180 asello
2472 1112 2652 1203 apud

524 1219 853 1298 Paduam,
904 1243 1119 1310 pergo
1168 1218 1255 1286 ad
1310 1220 1606 1309 patriam
1644 1220 2073 1287 festinanter.
2136 1224 2245 1289 33.
2290 1221 2652 1309 Quumque

520 1327 632 1394 ille
673 1326 890 1394 abbas
930 1326 1241 1415 graviter
1278 1336 1441 1394 tunc
1492 1337 1843 1417 pateretur
1882 1326 1950 1393 in
2000 1337 2303 1417 gutture,
2354 1337 2652 1417 tangens

520 1434 708 1501 illum
753 1432 1200 1501 amicabiliter
1243 1457 1394 1501 cum
1437 1457 1642 1501 manu
1688 1444 1969 1501 sanetus
1996 1434 2363 1501 *Antonius
2418 1433 2653 1500 eodem

521 1542 589 1608 in
643 1541 790 1608 loco
843 1550 1048 1631 atque
1097 1539 1184 1608 ab
1235 1540 1389 1630 ipsa
1442 1540 1644 1608 citius
1696 1540 2106 1630 {egritudine
2157 1541 2391 1631 procul
2450 1540 2656 1608 dubio

521 1670 764 1715 sanum
817 1647 1100 1727 faeiem,
1166 1646 1524 1713 confestim
1576 1646 1664 1715 ab
1720 1647 1935 1714 oculis
1992 1648 2140 1738 ejus
2193 1657 2301 1714 est
2348 1648 2651 1737 elapsus,

519 1757 628 1823 34.
678 1754 794 1821 llle
850 1777 1040 1834 vero,
1085 1763 1336 1843 putans
1378 1752 1556 1843 quod
1598 1752 1684 1819 ad
1732 1753 2023 1843 patriam
2069 1754 2369 1821 nativam
2411 1777 2658 1844 perge-

521 1871 649 1941 ret,
686 1861 1017 1951 ignorans
1063 1883 1349 1950 prorsus
1390 1860 1537 1949 ejus
1583 1860 1942 1928 decessum
1980 1861 2466 1947 venerabilem,
2503 1885 2656 1928 sur-

522 1968 698 2036 rexit
728 1966 1047 2035 continuo
1096 1978 1187 2047 et,
1221 1966 1445 2034 obviis
1484 1966 1683 2034 anxie
1725 1967 2142 2035 monasterio
2191 1967 2654 2035 servientibus

522 2075 946 2166 perquisitiS,
1019 2073 1297 2140 ubinam
1373 2073 1464 2140 sit
1538 2073 1749 2140 frater
1822 2074 2161 2168 Antonius
2236 2073 2650 2164 requirebat.

522 2187 631 2250 35.
680 2181 844 2271 lpsi,
886 2179 1250 2248 admodum
1290 2179 1682 2269 stupefacti,
1717 2179 2216 2270 responderunt
2255 2180 2653 2270 simpliciter

524 2313 598 2356 se
639 2288 926 2355 nescire.

612 2399 721 2463 36.
766 2397 918 2483 Quo
973 2393 1259 2461 firmiter
1310 2404 1665 2461 asserente
1714 2418 1788 2460 se
1847 2393 2120 2461 omnino
2177 2417 2330 2462 eum
2388 2394 2653 2461 vidisse

523 2513 591 2571 et
630 2526 822 2569 suam
868 2526 1203 2569 cameram
1264 2502 1335 2569 in
1385 2502 1501 2568 illo
1569 2502 1856 2570 instanti
1922 2503 2154 2593 utique
2221 2503 2522 2569 intrasse
2586 2510 2655 2568 et

523 2610 801 2689 exiisse,
846 2620 1050 2700 atque
1090 2609 1301 2676 verba
1351 2609 1746 2699 supradicta
1787 2609 2146 2677 manifeste
2190 2609 2323 2676 sibi
2363 2607 2650 2686 dixisse,

522 2717 810 2784 missum
849 2728 956 2784 est
994 2716 1079 2783 ad
1129 2717 1349 2784 locum
1400 2717 1712 2795 fratrum,
1746 2727 1821 2783 ut
1870 2716 1929 2784 si
1967 2716 2050 2784 de
2093 2716 2393 2784 adventu
2434 2714 2654 2806 ipsius

522 2822 618 2890 illi
649 2823 896 2890 fratres
937 2823 1193 2913 aliquid
1232 2823 1405 2890 forte
1445 2833 1756 2891 nossent.
1793 2826 1900 2892 37.
1949 2823 2083 2891 Sed
2117 2822 2461 2901 nimirum,
2519 2846 2654 2889 non

522 2932 800 2999 invento
832 2954 935 3011 eo,
971 2930 1299 3020 praefatus
1327 2930 1570 3011 abbaS,
1601 2929 1685 2997 ad
1718 2953 1833 2998 cor
1865 2930 2044 2997 illico
2071 2929 2369 3009 redienS,
2405 2952 2652 3019 cogno-

523 3038 626 3106 vit
656 3037 1037 3105 certissime
1069 3047 1383 3105 sanctum
1412 3037 1812 3117 Antonium,
1846 3061 1966 3127 per
1996 3036 2236 3104 mortis
2268 3059 2651 3115 excessum,

525 3145 614 3213 ad
672 3145 909 3235 patria}
965 3144 1264 3212 coelestis
1320 3168 1618 3236 perenne
1663 3143 2049 3212 convivium
2097 3142 2384 3210 feliciter
2421 3166 2655 3233 perre-

524 3252 737 3318 xisse.
781 3254 890 3319 38.
926 3253 1040 3329 Et,
1074 3262 1452 3319 connotans
1487 3250 1854 3341 diligenter
1882 3260 2177 3340 tempuS,
2220 3248 2654 3341 postmodum

506 3356 781 3449 'liquido
822 3358 1073 3448 reperit
1111 3358 1291 3449 quod
1348 3358 1466 3426 illa
1511 3358 1620 3425 die
1661 3368 1727 3425 et
1771 3357 1934 3424 hora
1977 3367 2256 3424 sanctus
2310 3355 2655 3424 Antonius

525 3465 693 3535 obiit
750 3464 1070 3555 quibusss,
1141 3475 1218 3532 ut
1273 3465 1527 3533 dictum
1590 3476 1720 3545 est,
1783 3464 1852 3530 in
1899 3463 2134 3531 eadem
2184 3487 2454 3531 camera
2520 3463 2656 3531 sibi

524 3571 880 3663 apparuit3
929 3570 1105 3639 sicut
1144 3581 1385 3663 postea
1415 3571 1865 3639 devotissime
1903 3570 2052 3661 ipse
2081 3570 2412 3638 fratribus
2452 3569 2654 3637 dixit.

579 3886 627 3920 a.
650 3874 793 3919 Tene
812 3873 916 3930 qui.
