3109 4950
842 433 904 480 s,
961 431 1246 480 Ani-orm
1292 432 1616 480 Leonum.
1663 430 1912 495 PRIMA,
1971 412 2052 481 13
2422 410 2512 481 49

375 572 838 664 praedationes
898 573 1168 642 restitui
1236 573 1552 657 faciebat,
1622 573 1693 641 in
1749 583 2017 642 tantum
2079 584 2179 653 ut,
2235 572 2511 665 pignori

378 679 709 770 obligatis
762 679 1076 748 domibus
1135 690 1203 748 et
1259 681 1478 771 agriS‚
1539 692 1698 748 ante
1755 680 1966 772 pedes
2018 680 2168 771 ejus
2221 679 2513 771 pretium

377 798 710 878 ponerent
756 797 848 865 et,
895 787 1180 854 consilio
1219 787 1464 878 ipsine,
1508 787 1740 855 ablata
1779 810 2064 879 quaeque
2095 801 2124 831 ⁰
2166 811 2365 878 prece
2401 786 2514 853 vel

378 895 595 984 pretio
628 894 655 937 ⁶
694 894 1010 985 spoliatis
1056 895 1521 963 restituerent.
1577 899 1680 963 12.
1732 895 2132 962 Meretrices
2167 918 2434 985 quoque
2474 916 2514 960 a

381 1001 638 1069 nefario
670 1000 1077 1092 prohibebat
1106 1001 1396 1092 flagitio,
1442 1001 1628 1069 sures
1671 1001 2095 1069 malefactis⁶
2142 1002 2443 1068 famosos
2474 1023 2513 1067 a

378 1117 695 1175 contactu
727 1107 929 1175 alieni
972 1107 1447 1199 compescebat
1485 1107 1759 1189 illicito;
1802 1118 2007 1199 atque
2046 1108 2113 1175 in
2154 1108 2330 1176 hunc
2371 1131 2516 1175 mo-

379 1214 538 1281 dum
579 1214 1038 1305 quadraginta
1071 1214 1335 1283 dierum
1361 1215 1695 1282 curricula
1722 1215 1900 1283 felici
1931 1215 2514 1283 consummatione

379 1345 813 1412 percurrenS,
857 1331 1126 1412 gratam
1171 1322 1459 1390 Domino
1496 1346 1794 1390 messem
1849 1322 2184 1391 sollicitus
2224 1346 2515 1415 congre-

381 1428 599 1521 gavit.

474 1539 576 1605 13.
626 1539 764 1603 Nec
796 1536 1132 1604 silendum
1163 1546 1327 1628 puto
1357 1537 1536 1628 quod
1565 1547 1827 1605 tantam
1852 1538 1888 1581 ‘¹
1917 1538 2276 1629 utriusque
2308 1561 2515 1605 sexus

382 1643 883 1710 multitudinem
940 1643 1029 1710 ad
1098 1644 1483 1712 confitenda
1532 1654 1812 1735 peccata
1876 1645 2193 1713 mittebat
2257 1654 2332 1713 ut
2392 1668 2516 1712 nec

380 1750 630 1818 fratres
676 1773 798 1817 nec
832 1750 949 1817 alii
994 1750 1389 1818 sacerdotes
1419 1764 1473 1837 ε,
1515 1774 1804 1842 quorum
1844 1775 1978 1819 non
2018 1775 2232 1842 parva
2274 1774 2518 1842 seque-

378 1858 582 1925 batur
611 1881 765 1925 eum
794 1857 836 1915 s
871 1857 1279 1949 frequentia,
1323 1857 1684 1926 audiendis
1736 1858 2285 1927 confessionibus
2332 1858 2519 1925 suffi-

379 1975 634 2032 cerent.
709 1967 815 2032 14.
885 1964 1219 2033 Dicebant
1284 1975 1511 2033 autem
1570 1975 1640 2033 et
1703 1965 1818 2056 qui
1888 1965 1975 2032 ad
2041 1964 2514 2057 poenitentiam

374 2070 750 2139 veniebant
795 2071 1001 2162 quod,
1045 2071 1276 2139 divina
1315 2072 1583 2139 visione
1632 2072 2023 2140 commoniti
2063 2082 2131 2140 et
2161 2086 2198 2131 8
2245 2071 2333 2139 ad
2373 2072 2517 2139 An-

378 2179 639 2245 tonium
693 2178 1115 2258 transmissi,
1170 2180 1319 2270 ejus
1372 2203 1495 2270 per
1545 2179 1773 2247 omnia
1822 2179 2129 2248 consiliis
2167 2179 2517 2270 obtempe-

380 2310 532 2353 rare
563 2285 595 2328 Ι*
628 2285 701 2352 in
751 2285 1096 2353 mandatis
1135 2285 1589 2377 accepissent.
1638 2289 1743 2356 15.
1788 2286 2083 2375 Quidam
2121 2310 2308 2371 ver0,
2357 2295 2517 2377 post

381 2403 670 2461 mortem
721 2393 895 2484 ejuS‚
950 2392 1036 2461 ad
1090 2393 1339 2461 fratres
1399 2393 1732 2461 secretius
1789 2393 2220 2481 accedentes,
2286 2393 2513 2485 ipsum

380 2501 657 2569 beatum
708 2501 1082 2568 Antonium
1138 2501 1637 2569 dormientibus
1678 2501 2085 2593 apparuisse
2133 2511 2201 2569 et
2240 2501 2516 2568 nomina

383 2607 670 2675 fratrum
708 2606 797 2675 ad
826 2631 999 2699 quos
1025 2631 1142 2676 eos
1181 2607 1498 2676 mittebat
1534 2608 1852 2677 docuisse
1889 2607 2128 2677 testati
2168 2618 2352 2676 sunt.

434 2880 478 2913 a.
497 2867 634 2920 Luc„
658 2867 771 2912 Pul.
801 2880 892 2912 om.
914 2878 1134 2924 queque.
1154 2891 1207 2903 —-
1238 2868 1282 2914 b.
1313 2868 1451 2913 Paris
1474 2868 1638 2925 pretio
1666 2868 1746 2913 vei
1769 2880 1936 2926 prece.
1965 2890 2018 2902 —-
2044 2880 2087 2914 c.
2119 2868 2254 2913 Paris
2280 2867 2517 2924 malefac-

386 2942 525 2984 tores.
547 2963 604 2973 —
624 2941 675 2986 d.
698 2939 817 2984 Luc.
838 2943 1010 2986 totam.
1034 2963 1088 2973 —
1106 2953 1148 2986 e.
1172 2940 1307 2985 Paris
1334 2942 1622 2986 sacerdotes
1650 2940 1755 2985 atii.
1777 2963 1831 2974 —
1851 2941 1888 2998 s.
1909 2940 2045 2985 Paris
2063 2952 2186 2985 eum
2213 2941 2518 2996 sequebatur

383 3024 494 3068 —9.
516 3011 656 3056 Paris
673 3024 765 3057 om.
794 3015 857 3057 et.
887 3034 941 3045 —
973 3013 1023 3057 h.
1054 3011 1171 3058 Luc.
1199 3015 1257 3057 ut
1290 3024 1386 3070 per
1413 3013 1586 3058 omnia
1620 3011 1849 3058 consiliis
1879 3012 1988 3068 ejus
2016 3013 2435 3071 obtemperarent.

385 3231 646 3280 conserve
675 3243 750 3279 au
780 3230 967 3279 musee
997 3229 1296 3294 municipal
1325 3228 1394 3279 de
1429 3228 1674 3292 Padoue,
1700 3231 1914 3294 permet
1942 3228 2010 3279 de
2036 3230 2280 3294 preciser
2307 3229 2358 3280 le
2387 3242 2514 3279 sens

386 3309 450 3360 de
479 3323 571 3360 ces
608 3312 752 3360 mols
781 3322 994 3373 vagues
1024 3324 1037 3361 :
1069 3309 1392 3375 captivitate
1425 3324 1651 3375 pressos
1690 3310 1944 3361 libertate
1980 3310 2243 3360 donabat.
2281 3310 2327 3360 Il
2356 3311 2517 3370 s’agit

387 3388 541 3440 d’une
579 3390 675 3448 loi,
702 3389 936 3440 relative
974 3403 1083 3440 aux
1111 3389 1353 3452 sailliteS,
1390 3391 1486 3455 qui
1526 3390 1608 3440 fut
1644 3391 2021 3455 promulguee‚
2049 3389 2098 3440 le
2126 3394 2183 3440 15
2204 3403 2352 3440 mars
2374 3392 2514 3450 1231,

388 3483 477 3520 sur
492 3470 575 3520 les
596 3472 881 3521 instances
901 3468 1194 3521 d’Antoine
1218 3473 1274 3521 et
1293 3470 1512 3535 d’apres
1535 3470 1776 3535 laquelle
1798 3470 1945 3520 nulle
1966 3483 2239 3535 personne
2262 3469 2516 3520 endettee

390 3564 451 3600 ne
477 3553 711 3615 pouvait
742 3550 869 3615 plus
895 3551 1012 3601 etre
1041 3551 1178 3601 mise
1205 3564 1275 3601 en
1300 3552 1490 3615 prison
1513 3564 1615 3616 par
1640 3565 1730 3602 ses
1755 3552 2084 3612 creanciers,
2121 3552 2168 3600 sl
2196 3550 2302 3600 elle
2328 3550 2516 3601 decla-

389 3632 487 3682 rait
519 3644 791 3682 renoncer
819 3644 887 3681 en
914 3631 1035 3681 leur
1060 3631 1251 3681 iaveur
1277 3632 1310 3681 a
1340 3631 1393 3681 la
1423 3631 1639 3682 totalite
1661 3630 1728 3681 de
1756 3644 1847 3682 ses
1876 3630 2053 3682 biens.
2085 3631 2162 3682 Le
2185 3632 2328 3681 texte
2357 3629 2426 3680 de
2455 3644 2518 3681 ce

390 3713 553 3763 statut
576 3726 611 3762 a
637 3714 728 3762 ete
749 3710 941 3776 public
966 3724 1034 3761 en
1061 3714 1201 3774 1895,
1222 3724 1326 3776 par
1349 3710 1421 3762 M.
1448 3713 1516 3762 A.
1540 3711 1752 3773 Gloria,
1778 3711 1919 3762 dans
1945 3724 2046 3762 son
2075 3711 2276 3761 travail
2304 3711 2519 3761 intitule

390 3790 674 3843 Donatello
704 3781 1032 3842 Florentino
1062 3805 1089 3841 e
1114 3792 1163 3841 te
1193 3805 1289 3841 sae
1317 3805 1477 3856 opere
1505 3791 1756 3842 mirabili
1781 3793 1870 3842 nel
1897 3789 2095 3856 tempio
2118 3791 2179 3842 di
2203 3790 2260 3842 S.
2283 3790 2520 3841 Antonio

390 3871 443 3921 in
467 3871 714 3933 Padova,
751 3885 846 3936 ap.
887 3870 1212 3922 Documenti
1237 3872 1471 3923 raccolti
1492 3886 1598 3937 per
1622 3872 1678 3922 la
1706 3872 1993 3923 occasione
2023 3871 2113 3921 del
2147 3872 2363 3922 settimo
2392 3883 2520 3920 cen-

392 3953 592 4002 tenario
620 3952 773 4003 della
802 3951 1025 4002 nascita
1066 3951 1128 4002 di
1166 3952 1223 4004 S.
1254 3951 1509 4014 Antonio,
1536 3965 1591 4016 p.
1624 3956 1671 4002 3.
1699 3951 1943 4014 Padoue,
1977 3953 2145 4016 tipog.
2179 3952 2516 4013 Antoniana,

391 4033 522 4084 1895.
