3109 4950
958 466 1016 513 s,
1070 466 1360 514 Aru-orm
1409 466 1734 515 Leonum
1781 466 2027 527 rmus,
2084 448 2161 515 11
2537 447 2626 516 43

491 606 966 698 spiritualibus
999 607 1343 676 subtiliter
1364 621 1397 653 ²
1424 617 1932 698 comparantem
1959 630 1974 690 3
2019 606 2389 697 stupebant
2416 606 2624 675 mino·

488 739 606 783 res
643 714 906 806 peccati
949 738 1198 783 causas
1240 724 1307 783 et
1346 714 1745 784 occasiones
1782 714 2148 781 vellentem
2190 723 2257 781 et
2294 713 2624 782 virtutum

492 845 718 890 mores
750 821 1017 890 cautius
1056 822 1495 890 inserentem.
1540 826 1605 890 5.
1655 821 1899 890 Omnis
1933 819 2250 888 demum⁶
2289 819 2626 888 conditio·

492 929 630 1013 nis,
670 928 933 996 ordinis
972 939 1040 997 et
1069 929 1298 998 aetatis
1351 927 1484 995 viri
1538 928 1988 1020 congruentia
2030 927 2160 995 sibi
2213 927 2376 996 vitae
2416 926 2625 995 docu-

493 1046 719 1104 menta
751 1037 1146 1127 suscepisse
1174 1035 1387 1104 laetati
1420 1044 1603 1103 sunt.
1647 1039 1710 1104 6.
1759 1035 1958 1103 Nulla
1989 1058 2275 1125 prorsus
2307 1034 2624 1103 flectebat

492 1166 645 1210 eum
696 1166 1146 1233 personarum
1197 1142 1553 1233 acceptio;
1599 1141 1784 1209 nulla
1846 1142 2102 1209 favoris
2147 1141 2423 1208 humani
2463 1165 2623 1232 per-

491 1249 876 1318 mulcebat⁶
914 1248 1144 1340 opinio
1179 1272 1195 1329 ;
1239 1249 1386 1327 sed,
1433 1250 1633 1340 juxta
1700 1248 2049 1340 prophetae
2098 1271 2360 1327 vocem,
2404 1250 2626 1337 quasi

481 1360 901 1447 plaustrum
930 1357 1312 1441 triturans,
1349 1370 1588 1425 rostra
1621 1357 1894 1424 habens
1931 1357 2298 1423 serrantia
2317 1355 2374 1434 d,
2423 1378 2624 1423 mon-

491 1477 593 1531 tes
630 1464 1048 1532 comminuit
1077 1477 1142 1531 et
1179 1465 1399 1532 colles
1427 1463 1618 1532 sicut
1637 1475 1663 1506 0
1687 1465 2049 1553 pulverem
2067 1463 2319 1554 posuit
2349 1462 2393 1530 ¹.

494 1881 610 1937 11.
667 1880 1038 1951 Quomodo
1092 1880 1433 1939 Paduam
1490 1877 1699 1938 venit
1758 1879 1835 1936 et
1904 1877 2238 1948 qualiter
2288 1875 2563 1936 ibidem
2604 1871 2632 1926 Γ

606 1977 1065 2048 praedicavit
1090 1984 1143 2036 9.

586 2278 646 2343 1.
705 2273 839 2343 Sed
892 2274 1050 2366 quia
1102 2262 1384 2365 longum
1423 2284 1529 2342 est
1591 2274 1966 2342 enarr-areb
2007 2285 2174 2365 quot
2223 2274 2624 2342 lustraverit

488 2382 909 2474 provincias,
951 2381 1155 2474 quoti
1200 2381 1394 2449 verbi
1438 2381 1561 2449 Dei
1593 2381 1851 2449 semine
1883 2382 2248 2472 repleverit
2279 2393 2622 2450 terrarum

487 2501 725 2581 partes
745 2491 793 2576 2,
831 2489 917 2557 ad
948 2514 1027 2558 ea
1059 2514 1209 2581 quae
1239 2490 1467 2581 magis
1500 2489 1932 2557 necessariaj
1979 2500 2343 2558 occurrunt
2380 2499 2448 2556 et
2477 2489 2623 2556 evi-

485 2597 797 2665 dentiora
836 2597 1167 2665 virtutum
1206 2598 1355 2687 ejus
1395 2597 1858 2688 experimenta
1888 2597 1918 2641 ¹³
1958 2597 2310 2665 declarant
2348 2621 2622 2664 manum

485 2705 953 2772 convertimus
993 2705 1033 2771 ².

574 2814 641 2878 2.
675 2814 1010 2901 Tempore
1059 2834 1350 2902 namque
1390 2810 1669 2902 capituli
1717 2810 2063 2904 generalis
2104 2834 2237 2901 quo
2296 2810 2617 2878 sacratis-

487 2916 948 2986 simaembeati
993 2918 1269 3006 patrisn
1342 2918 1690 2986 Francisci
1747 2916 2048 3008 reliquiae
2089 2917 2176 2984 ad
2233 2916 2453 2984 locum
2505 2917 2622 2984 ubi

541 3145 586 3176 a.
620 3132 755 3176 Paris
782 3144 872 3177 om.
897 3132 1164 3178 subtiliter.
1193 3155 1242 3167 -
1276 3133 1320 3177 b.
1352 3131 1487 3176 Paris
1515 3143 1692 3177 omnes
1712 3132 1943 3187 denique.
1968 3155 2021 3165 —
2048 3145 2090 3176 c.
2111 3133 2218 3177 Nat.
2243 3132 2373 3178 14363
2390 3131 2623 3189 permul-

490 3204 631 3248 cebat
657 3204 886 3248 humani.
916 3227 971 3238 —·
993 3205 1043 3248 d.
1073 3205 1177 3248 Alc.
1202 3205 1298 3257 286,
1321 3203 1426 3248 Alc.
1447 3205 1527 3249 293
1561 3213 1607 3246 et
1635 3203 1771 3248 Paris
1805 3203 2074 3248 serrantia.
2123 3204 2235 3248 Pad.
2278 3204 2541 3259 [errantia.
2571 3225 2624 3235 —

489 3288 532 3319 e.
563 3276 668 3320 Alc.
692 3277 774 3322 28ss
797 3286 842 3320 et
864 3276 970 3320 Alc.
999 3277 1079 3321 293
1111 3276 1273 3331 quasi.
1307 3299 1360 3307 —
1393 3276 1433 3330 Ι.
1466 3274 1582 3319 Luc.
1618 3274 1702 3319 ibi.
1735 3296 1789 3308 -
1824 3288 1871 3330 9.
1914 3274 2046 3318 Paris
2069 3276 2140 3319 De
2159 3276 2382 3330 aenei-ati
2416 3275 2622 3319 licentia

485 3346 802 3404 praedicandi
828 3346 927 3391 sibi
945 3348 1079 3392 data.
1100 3369 1152 3380 -
1179 3348 1229 3390 h.
1261 3347 1367 3391 Alc.
1396 3348 1477 3393 286
1506 3358 1732 3391 narrare.
1761 3369 1816 3380 —·
1840 3346 1872 3391 i.
1904 3344 2020 3390 Luc.
2054 3348 2204 3400 quod.
2238 3347 2349 3391 Psd.
2384 3350 2619 3401 quotque.

486 3440 541 3451 -
575 3418 617 3473 j.
662 3417 779 3462 Luc.
822 3417 1109 3463 necessaria
1138 3418 1316 3475 maqis.
1358 3417 1470 3462 Psd.
1508 3429 1553 3462 et
1598 3418 1731 3462 Paris
1775 3418 2060 3462 necessario
2096 3418 2272 3473 mayis.
2310 3440 2363 3449 —
2411 3418 2458 3462 k.
2490 3417 2626 3462 Paris

488 3489 849 3545 experimento.
873 3512 926 3521 —
964 3489 994 3532 1.
1024 3488 1159 3533 Paris
1186 3492 1557 3534 convertamus.
1592 3511 1647 3522 ·-
1682 3500 1750 3534 m.
1784 3489 1916 3533 Paris
1938 3489 2289 3534 sanctissimae.
2320 3512 2373 3521 —
2407 3501 2456 3533 n.
2490 3488 2623 3532 Paris

488 3561 560 3605 ad.
598 3561 777 3606 nostri.
817 3560 923 3605 Alc.
963 3561 1043 3606 293
1079 3561 1240 3605 nostri
1269 3561 1463 3616 [ratris.

551 3752 596 3799 1.
628 3749 806 3809 Issit,
838 3749 981 3810 XLI,
1008 3752 1083 3798 15.

549 3834 596 3878 2.
630 3830 709 3880 La
756 3829 991 3894 legenda
1035 3829 1216 3894 prima
1261 3834 1477 3880 resume
1525 3831 1613 3891 ici,
1667 3844 1734 3880 en
1783 3830 2052 3895 quelques
2085 3834 2225 3882 mots
2272 3845 2498 3893 vagueS,
2531 3845 2621 3890 ou,

489 3924 630 3975 pour
654 3909 842 3975 parler
870 3909 996 3974 plus
1043 3913 1403 3970 exactement,
1435 3924 1601 3974 passe
1632 3912 1698 3961 ici
1745 3925 1875 3960 sous
1906 3911 2109 3960 silence
2142 3912 2286 3961 l'une
2313 3911 2410 3961 des
2439 3912 2622 3975 perio-

491 3989 589 4040 des
637 3990 717 4041 les
766 3989 893 4053 ptus
934 3991 1297 4054 importantes
1341 3990 1409 4040 de
1438 3991 1491 4041 la
1516 3992 1604 4041 vie
1634 3989 1706 4039 du
1735 4007 1758 4037 a
1792 3990 2180 4053 thaumaturgo
2213 4009 2236 4038 n
2268 3992 2618 4051 franciscam,

491 4070 628 4120 cene
668 4071 741 4119 ou
790 4071 923 4120 s'est
959 4074 1170 4130 exerce,
1219 4073 1577 4131 notamment,
1615 4084 1716 4120 son
1750 4070 2032 4134 apostolat
2067 4071 2196 4121 hors
2231 4070 2482 4126 d'ltalie;
2515 4071 2620 4120 elle

492 4151 650 4200 saute
696 4148 1098 4215 brusquement
1141 4149 1210 4201 de
1259 4151 1469 4200 t'annee
1517 4153 1639 4199 1223
1668 4164 1739 4200 ou
1771 4153 1891 4199 1224
1923 4153 1955 4200 a
1985 4150 2197 4201 l’annee
2246 4154 2384 4199 1230.
2420 4151 2619 4201 Inutile

492 4228 769 4281 d'insister
793 4229 1108 4293 davantage
1138 4245 1234 4280 sur
1266 4233 1409 4281 cette
1444 4229 1639 4280 lacune
1684 4230 2049 4295 inexpliquee,
2103 4230 2237 4281 dont
2280 4244 2418 4280 nous
2448 4244 2620 4280 avons

494 4309 615 4371 deja
640 4311 816 4376 parle.
