3109 4950
931 449 991 495 s.
1043 449 1331 498 ANTONII
1381 450 1704 498 Leonum
1752 450 1994 510 pann,
2045 431 2133 500 20
2505 433 2590 500 61

462 586 656 654 bant.
700 591 763 655 2.
812 587 1175 679 Indignum
1218 589 1396 657 enim
1450 590 1655 657 nimis
1703 600 1771 658 et
1823 590 2073 658 malum
2113 590 2597 659 intolerabile‘⁸

464 693 606 760 fore
630 693 657 736 ⁶
688 693 1089 784 judicabant
1126 707 1318 765 tanto
1369 697 1628 787 privari
1683 696 2007 765 thesauro
2039 721 2054 778 ;
2107 697 2396 765 maxime
2435 697 2593 789 quia

462 811 747 868 sauctus
778 801 950 892 ipse,
995 801 1154 870 dum
1190 803 1483 878 viveret.
1520 828 1728 895 super
1754 804 1983 872 omnia
2011 803 2381 895 provinciae
2412 804 2593 872 illius

460 908 609 975 loca
669 908 979 998 ampliori
1036 909 1213 977 hunc
1266 911 1694 1001 amplexatus
1753 923 1862 979 est
1910 923 2096 980 voto.
2149 914 2375 982 Tanto
2414 912 2592 980 enim

460 1015 589 1083 loci
630 1015 813 1083 illius
853 1016 1196 1086 serebatur
1247 1017 1591 1085 desiderio
1645 1028 1745 1095 ut,
1804 1041 2010 1108 quum
2049 1018 2290 1086 mortis
2340 1019 2594 1086 exitum

463 1124 1010 1214 appropinquare
1042 1123 1328 1192 sentiret
1348 1137 1399 1204 ⁰,
1443 1124 1666 1202 fratri,
1709 1125 1824 1214 qui
1864 1124 1995 1193 sibi
2038 1126 2439 1204 assistebat,
2473 1150 2595 1216 per

460 1227 915 1298 obedientiam
952 1230 1357 1321 praeciperet
1393 1230 1574 1322 quod
1632 1230 1720 1300 ad
1767 1232 2125 1300 ecclesiam
2182 1243 2401 1300 santae
2466 1233 2590 1301 Dei

462 1336 817 1426 genitricis
870 1337 1110 1405 Mariae
1150 1361 1397 1428 corpus
1446 1338 1595 1428 ejus
1644 1336 1952 1406 deferrid
2002 1338 2223 1408 modis
2275 1339 2591 1408 omnibus

460 1454 879 1533 procuraret.
926 1447 992 1513 3.
1044 1444 1378 1514 Videntes
1431 1455 1660 1513 autem
1688 1458 1714 1488 ⁶
1756 1444 1924 1525 haec,
1979 1445 2168 1514 cives
2207 1446 2322 1537 qui
2364 1447 2592 1537 Caput

463 1549 700 1618 Pontis
739 1549 1151 1629 inhabitant,
1176 1550 1506 1620 fratribus
1544 1551 1956 1622 unanimiter
1992 1552 2061 1620 in
2101 1552 2344 1620 faciem
2385 1552 2589 1620 resti-

458 1667 689 1724 terunt
718 1680 822 1738 ac,
866 1658 1011 1725 nes
1038 1658 1218 1749 quod
1259 1658 1745 1748 disposuerant
1774 1658 2115 1727 ullatenus
2149 1659 2293 1727 fieri
2322 1670 2586 1750 posset,

460 1763 928 1854 multiplicatis
984 1775 1403 1834 armatorum
1455 1766 1803 1844 manibuS,
1845 1765 1961 1833 diu
2003 1776 2341 1856 noctuque
2371 1766 2592 1833 locum

457 1870 789 1939 custodiri
827 1872 1159 1941 fecerunt.

544 1981 610 2045 4.
665 1981 1074 2069 Ignorantes
1104 1979 1322 2070 igitur
1359 1981 1662 2048 fratres8
1700 1979 1917 2072 quid*
1947 1980 2125 2048 facto
2163 2003 2337 2071 opus
2377 1989 2589 2066 esset,

456 2085 852 2176 episcopum
893 2086 1195 2155 civitatis
1226 2087 1634 2156 festinanter
1661 2087 1914 2155 adeunt
1953 2097 2020 2155 et
2045 2110 2312 2155 omnem
2344 2086 2589 2155 sollici·

456 2192 761 2260 tudinem
799 2216 994 2262 suam
1032 2194 1102 2261 in
1131 2193 1542 2285 pupillorum
1583 2203 1848 2286 patrem
1885 2194 2274 2285 projiciunt.
2315 2197 2379 2262 5.
2424 2193 2585 2282 Qui,

458 2299 853 2370 convocatis
894 2300 1224 2369 fratribus
1255 2323 1336 2369 ac
1365 2301 1763 2370 canonicis?
1804 2301 1978 2378 suis,
2021 2323 2301 2369 causam
2331 2299 2590 2369 adven-

452 2416 565 2475 tus
592 2406 881 2476 fratrum
899 2406 1266 2500 diligenter
1286 2408 1603 2501 exposuit
1631 2418 1722 2496 et,
1767 2408 2291 2477 consultationis
2322 2407 2583 2501 gratia,

461 2513 889 2605 singulorum
929 2516 1341 2584 sententiam
1393 2540 1600 2607 super
1637 2516 1818 2585 facto
1867 2515 2252 2607 requisivit.
2306 2519 2373 2584 6.
2418 2515 2588 2603 Qui-

456 2620 613 2688 dam
681 2632 909 2690 autem
970 2646 1052 2691 ex
1117 2625 1244 2704 eis,
1311 2623 1632 2714 precibus
1701 2622 2145 2690 Dominarum
2200 2624 2588 2711 Pauperum

451 2728 813 2818 praeventi,
855 2729 1167 2820 petitioni
1198 2730 1485 2799 fratrum
1516 2753 1945 2821 nequaquam
1985 2729 2308 2798 standum
2348 2752 2588 2797 cense-

451 2834 646 2919 bant,
690 2835 856 2926 quin
892 2837 1148 2927 potius,
1178 2836 1483 2906 rationes
1511 2861 1675 2906 suas
1706 2837 1793 2905 ad
1816 2836 2110 2905 medium
2142 2835 2582 2916 deducenteS,

449 2964 576 3032 pro
614 2954 811 3033 parte
851 2967 1085 3015 earum
1113 2944 1423 3013 enixius!
1453 2944 1872 3036 allegabant.
1908 2946 1973 3014 7.
2018 2943 2152 3013 Sed
2184 2967 2319 3011 non
2350 2943 2578 3011 minus

450 3049 703 3117 fratres
744 3072 824 3118 ea
855 3073 1006 3141 quae
1046 3050 1132 3119 ad
1159 3051 1188 3095 1‘
1216 3075 1445 3120 causae
1472 3075 1615 3120 suae
1640 3050 2294 3120 commendationem
2316 3052 2339 3094 ²
2383 3073 2586 3140 expe-

452 3155 599 3222 dire
637 3167 998 3254 noverant,
1033 3158 1460 3227 conditiones
1496 3181 1814 3249 personae
1853 3168 1984 3226 etm
2023 3157 2236 3225 facti*
2276 3155 2586 3225 introdu-

453 3273 712 3345 centes,
741 3264 1129 3333 rationibus
1166 3288 1290 3355 pro
1320 3275 1514 3355 parte
1545 3288 1672 3333 sua
1701 3289 1840 3333 non
1867 3264 2141 3333 levibus
2173 3262 2589 3355 persuadere

452 3370 679 3439 conati
718 3381 906 3441 sunt.
938 3374 1006 3441 8.
1052 3372 1438 3463 Episcopus
1474 3371 1760 3463 igitur⁰‚
1785 3370 2263 3440 rationabilem
2288 3371 2583 3439 fratrum

453 3477 821 3546 attendens
882 3478 1304 3569 petitionem,
1361 3479 1542 3547 votis
1584 3502 1816 3547 eorum
1854 3478 1925 3546 in
1982 3478 2298 3546 omnibus
2346 3477 2589 3545 annuit

454 3596 521 3653 et
548 3594 626 3655 ut
654 3585 756 3655 eis
794 3584 1119 3677 praesidio
1162 3585 1394 3656 foret?
1443 3586 1818 3676 potestati¹
1862 3584 2165 3654 civitatis
2204 3583 2583 3653 mandavit.

503 3794 549 3826 a.
572 3781 710 3827 Paris
731 3781 1045 3828 intolerabile
1065 3781 1277 3830 malum.
1297 3798 1351 3809 -
1370 3782 1413 3827 b.
1437 3782 1573 3827 Paris
1591 3795 1679 3827 om.
1699 3781 1821 3838 sore.
1845 3802 1899 3815 —
1919 3793 1962 3827 c.
1995 3781 2130 3835 Luc„
2154 3780 2285 3834 Pad..
2306 3780 2442 3825 Paris
2469 3792 2588 3825 sen-

448 3853 612 3898 siuet.
630 3872 686 3887 -
706 3854 756 3898 d.
785 3854 893 3899 Alc.
919 3854 1001 3899 286
1035 3852 1305 3908 deseretur.
1333 3853 1446 3899 Pad.
1477 3864 1521 3898 et
1555 3853 1691 3898 Paris
1727 3854 2024 3909 deferretur.
2045 3875 2098 3886 -
2132 3865 2172 3897 e.
2192 3852 2307 3897 Luc.
2346 3852 2589 3909 ἐρίων.-

450 3923 487 3978 t‘.
510 3924 645 3969 Paris
682 3936 793 3969 nec.
813 3953 867 3965 -
885 3937 932 3980 9.
961 3924 1095 3969 Paris
1113 3938 1203 3970 om.
1225 3926 1427 3981 [ratres.
1451 3948 1503 3962 —
1521 3925 1571 3969 h.
1602 3926 1706 3969 Alc.
1728 3926 1808 3971 ‘286
1828 3934 1873 3969 et
1890 3925 1996 3969 Alc.
2017 3924 2098 3968 ‘293
2117 3925 2267 3978 quod.
2301 3947 2355 3958 —
2384 3924 2417 3968 i.
2456 3923 2587 3976 Pod„

451 3995 583 4040 Paris
614 3996 995 4041 concanonicis.
1018 4018 1070 4031 -
1095 3998 1140 4053 j.
1176 3996 1292 4042 Luc.
1326 3996 1549 4052 gravius.
1587 4018 1641 4031 —
1678 3996 1724 4041 k.
1757 3996 1890 4041 Paris
1922 3997 1998 4041 de.
2022 4024 2075 4035 -
2107 3995 2139 4039 l.
2174 3993 2290 4040 Luc.
2326 4005 2588 4040 commen-

452 4068 687 4113 dationis.
706 4067 843 4113 Paris
861 4068 1313 4115 commendatione.
1333 4079 1465 4112 —m.
1489 4068 1626 4113 Paris
1641 4079 1715 4113 ac.
1732 4091 1784 4104 -
1801 4080 1849 4113 n.
1869 4067 1981 4113 Luc.
2005 4066 2345 4112 conditionem
2361 4078 2589 4121 pcrsonoe

453 4142 499 4184 et
517 4137 708 4193 [ratris.
727 4159 782 4173 -
803 4150 848 4184 o.
872 4139 1008 4184 Paris
1026 4151 1157 4185 vero.
1178 4169 1233 4179 -
1250 4151 1300 4195 p.
1326 4140 1461 4184 Paris
1479 4140 1635 4195 ficret.

516 4312 560 4360 1.
586 4310 664 4361 Le
686 4310 981 4363 Podestat.
