3109 4950
622 420 710 487 98
1079 440 1138 486 s,
1193 439 1480 485 ΑΝτοΝιι
1530 439 1854 486 Laesum
1904 441 2157 504 PmMA,
2207 422 2292 488 33

711 581 774 646 5.
841 580 917 646 In
965 577 1241 646 civitate
1298 578 1714 646 Tarvisinaa
1765 589 1915 647 erat
1976 579 2085 646 vir
2141 563 2753 671 quidamsnomine

627 686 1038 769 ZambonuS,
1073 685 1125 767 b,
1169 685 1284 776 qui
1328 710 1451 777 per
1481 710 1701 754 annos
1743 711 1864 754 sex
1903 696 1970 755 et
2011 711 2090 754 eo
2130 686 2423 777 amplius
2468 686 2751 754 sinistro

622 793 816 861 oculo
856 792 1024 860 nihil
1056 793 1329 860 omnino
1369 793 1604 861 videre
1635 795 1881 885 potuit.
1923 797 1989 863 6.
2025 794 2330 864 Veniens
2361 794 2602 884 igitur,
2646 792 2753 860 die

623 900 944 991 quadem,
1016 900 1100 968 ad
1169 900 1390 968 sancti
1457 902 1738 969 Antonii
1807 902 2219 991 sepulcrum,
2275 924 2482 991 quum
2541 924 2754 991 parvo

623 1031 830 1098 super
860 1006 1024 1075 illud
1065 1019 1369 1098 tempore
1408 1008 1813 1099 quievisset,
1848 1019 2248 1100 recuperato
2280 1032 2436 1075 mox
2474 1007 2750 1087 lumine,

621 1114 936 1206 gaudens
976 1113 1249 1182 domum
1280 1115 1480 1184 rediit
1508 1127 1559 1182 ⁶.

712 1224 777 1289 7.
821 1222 1221 1290 Leonardus
1248 1223 1280 1266 α
1310 1221 1588 1313 quidam
1614 1222 1697 1289 de
1729 1222 2145 1314 Cunigliano
2175 1234 2201 1266 Ε
2222 1224 2268 1303 ¹,
2311 1222 2517 1290 trium
2549 1246 2753 1289 anno-

623 1353 773 1396 rum
831 1330 1056 1420 spatio
1120 1330 1322 1398 unius
1380 1330 1618 1397 oculis
1676 1329 1928 1397 lumine
1996 1354 2079 1397 ex
2152 1340 2296 1398 toto
2321 1342 2352 1386 9
2411 1329 2750 1421 privatuS‚

623 1436 889 1505 alterol‘
928 1460 1093 1504 vero
1132 1437 1203 1504 in
1249 1436 1560 1505 tantumi
1594 1437 1957 1505 caecutiens
1981 1437 2008 1492 J'
2057 1447 2134 1505 ut
2171 1460 2304 1505 non
2357 1436 2492 1503 nisi
2531 1459 2696 1504 voce
2726 1436 2754 1479 ἢ

623 1554 823 1611 notos
867 1545 954 1612 ab
993 1543 1252 1636 ignotis
1305 1544 1726 1612 discerneret
1758 1544 1804 1624 ¹,
1849 1544 1935 1612 ad
1975 1543 2494 1613 reverendumm
2533 1543 2754 1634 patris

622 1650 905 1719 Antonii
935 1652 1268 1720 tumulum
1298 1650 1588 1720 devotus
1614 1651 1826 1734 venit,
1857 1674 2220 1743 quumque,
2243 1651 2397 1718 susa
2416 1650 2750 1730 oratione,

621 1757 885 1826 modico
938 1743 1244 1848 tempore
1310 1781 1537 1826 coram
1596 1782 1756 1826 arca
1812 1768 2204 1849 prostratus
2275 1756 2749 1838 sustinuisset,

619 1864 977 1955 utriusque
1024 1864 1300 1933 luminis
1353 1864 1651 1933 donatus
1689 1865 1847 1932 visu
1872 1876 1906 1908 ²²
1944 1864 2218 1932 domum
2256 1888 2580 1931 reversus
2620 1874 2749 1932 est.

706 1974 773 2041 8.
807 1971 1048 2040 Alexin
1070 1986 1099 2015 ⁰
1120 1972 1434 2063 quaedam
1463 1971 1760 2052 nomine,
1791 1994 2022 2063 quum,
2047 1995 2170 2062 per
2208 1994 2426 2039 annos
2459 1970 2756 2062 quinque

622 2102 803 2146 caeca
854 2091 1143 2171 utroque
1184 2079 1378 2148 oculo
1410 2093 1473 2162 Ρ,
1509 2079 1738 2147 lumen
1763 2089 1794 2134 ί1
1843 2101 2272 2170 nequaquam
2319 2077 2555 2146 videre
2593 2101 2757 2168 pos-

622 2197 730 2255 set
753 2200 806 2273 s,
866 2186 954 2255 ad
1006 2210 1237 2255 arcam
1287 2186 1507 2255 sancti
1561 2186 1895 2255 Antonii⁸
1938 2185 2247 2267 veniens,
2309 2208 2466 2253 mox
2521 2183 2753 2276 perdi-

620 2303 764 2361 tum
784 2301 807 2335 t
836 2293 1091 2384 recepit
1118 2293 1462 2362 intuitum.

708 2403 773 2468 9.
814 2401 972 2469 Flos
1012 2400 1096 2469 de
1137 2402 1427 2470 Gemma
1469 2414 1526 2485 u,
1563 2400 1646 2470 de
1678 2400 2029 2469 Lauredo⁰
2051 2401 2100 2490 ²,
2136 2422 2342 2492 quum
2371 2423 2495 2493 per
2533 2423 2754 2468 annos

618 2616 810 2671 phrase:
837 2615 951 2670 Qui,
971 2627 1131 2671 quum
1151 2616 1452 2672 aliquandiu
1475 2615 1528 2660 in
1551 2619 1800 2662 conventu
1823 2616 2008 2661 Ρααιιω
2027 2618 2327 2670 moraretur,
2353 2626 2526 2659 arcam
2558 2613 2668 2670 ejus
2696 2626 2756 2659 ex

618 2687 879 2732 devotione
907 2688 1092 2743 saepius
1118 2687 1348 2739 visitans,
1369 2687 1554 2732 ibidem
1575 2688 1809 2732 sanitatis
1824 2687 2043 2743 qratiam
2060 2685 2258 2731 enixius
2281 2686 2595 2742 implorabat.
2619 2686 2756 2730 Tan-

617 2760 732 2803 dem
773 2762 943 2803 autem
982 2762 1151 2815 optato
1183 2759 1374 2816 potitus
1405 2759 1613 2810 lumine.
1642 2760 1867 2814 qaudens
1897 2762 1943 2802 ct
1974 2759 2189 2803 laudans
2213 2759 2278 2803 ad
2301 2757 2525 2814 patriam
2558 2758 2620 2802 de
2656 2768 2759 2812 qua

616 2833 822 2875 venerat
836 2834 910 2876 est
930 2843 1177 2875 reversus.
1202 2830 1330 2875 Dans
1356 2830 1398 2873 le
1419 2830 1509 2874 Ms.
1528 2831 1585 2874 de
1602 2829 1825 2883 Lucerne,
1853 2843 1934 2885 pur
1947 2831 2150 2883 niueum,
2176 2842 2226 2872 ce
2252 2826 2362 2873 recit
2384 2829 2440 2872 de
2475 2831 2518 2873 la
2543 2826 2758 2881 gnei-ison

617 2903 675 2945 du
717 2902 859 2945 Frere
898 2900 1149 2946 Theudoria
1187 2903 1303 2947 n'est
1340 2914 1421 2957 pas
1458 2900 1585 2956 place
1609 2915 1666 2945 en
1689 2904 1762 2946 cet
1783 2902 1961 2946 endroit
1982 2902 2042 2945 du
2066 2902 2233 2944 recueil
2263 2901 2345 2944 des
2370 2901 2595 2944 miracles.
2623 2900 2760 2944 Ainsi

617 2986 705 3029 que
729 2986 842 3017 nous
875 2973 1049 3018 l'avons
1076 2971 1179 3028 dejfi
1207 2972 1397 3028 signate,
1424 2973 1455 3016 il
1482 2973 1639 3027 figure,
1671 2986 1778 3017 avec
1807 2976 1964 3029 quatre
1994 2976 2147 3017 autres
2176 2972 2429 3016 narrationis
2457 2973 2513 3015 de
2543 2972 2759 3026 prodiges

618 3056 805 3099 propres
830 3057 885 3088 au
912 3044 1002 3089 Ms.
1029 3046 1193 3098 wisse,
1219 3047 1324 3100 plus
1346 3045 1469 3097 haut,
1495 3045 1609 3089 dans
1633 3046 1678 3089 la
1701 3045 1871 3089 section
1896 3044 1966 3088 De
1991 3043 2279 3098 contractis,
2305 3043 2438 3098 apres
2468 3044 2514 3087 la
2541 3040 2758 3096 guerisou

617 3116 673 3159 de
698 3116 867 3161 Cuniza
890 3116 975 3171 (V.
999 3128 1165 3172 supra:
1189 3116 1255 3170 31,
1282 3127 1351 3159 η’·
1370 3116 1489 3169 1-3).

670 3186 933 3232 a.A1c.286
961 3186 1239 3231 Trevisina.
1256 3187 1365 3232 Nat.
1395 3187 1524 3232 14363
1549 3186 1840 3231 Trevisana.
1869 3187 1998 3239 Luc.‚
2026 3186 2138 3231 Pad.
2164 3188 2212 3230 et
2235 3185 2368 3230 Paris
2396 3184 2678 3231 Teruisina.
2705 3210 2759 3219 —-

619 3258 661 3301 b.
698 3257 808 3301 Luc.
839 3258 1140 3302 Cambonus.
1181 3258 1316 3301 Paris
1346 3258 1633 3303 lambortus
1670 3258 1890 3303 nominc.
1928 3259 2060 3303 Sicco
2095 3257 2358 3309 Polemone,
2392 3269 2464 3312 ap.
2487 3257 2756 3312 Azzoguidi,

616 3331 795 3385 appelle
816 3333 888 3373 cct
910 3330 1091 3372 homme
1122 3329 1381 3375 Johannes
1402 3330 1589 3375 Bonus.
1628 3354 1682 3363 ·—-
1702 3342 1744 3374 c.
1770 3328 1841 3373 Le
1878 3332 1996 3373 texte
2025 3331 2254 3373 d'Ancoue
2275 3330 2346 3372 n‘a
2370 3341 2451 3383 pas
2474 3341 2526 3372 ce
2549 3330 2753 3374 miracle.

614 3422 669 3432 -
692 3400 740 3444 d.
761 3401 867 3445 Alc.
891 3401 972 3446 286
998 3402 1279 3446 ErnarduS.
1315 3424 1370 3433 —
1393 3414 1433 3445 e.
1467 3403 1571 3446 Alc.
1596 3402 1676 3446 286
1699 3404 1745 3445 et
1767 3401 1900 3445 Paris
1939 3401 2234 3456 Cuniqlano.
2267 3400 2379 3444 Luc.
2406 3400 2754 3454 Cum-nimiunn.

614 3472 731 3515 Anc.
760 3472 1077 3517 Corniclano.
1112 3496 1166 3505 —
1199 3472 1235 3528 Ῑ.
1261 3473 1365 3517 Alc.
1391 3474 1472 3517 286
1495 3485 1585 3517 om.
1610 3473 1767 3517 unius
1790 3472 1942 3516 oculi.
1971 3495 2024 3504 —
2051 3482 2096 3525 ρ.
2125 3473 2225 3515 Alc.
2251 3472 2331 3516 286
2359 3483 2448 3516 om.
2475 3483 2536 3515 ex
2558 3475 2675 3515 loto.
2701 3494 2757 3504 —

618 3543 664 3586 h.
705 3544 807 3587 Alc.
847 3544 928 3588 286
963 3545 1198 3590 alterum.
1238 3544 1371 3588 Paris
1408 3544 1548 3588 alter.
1587 3567 1642 3576 —-
1668 3544 1700 3588 i.
1728 3544 1861 3588 Paris
1902 3556 1991 3588 om.
2020 3543 2070 3586 in
2110 3546 2324 3587 tantum.
2363 3566 2416 3575 —
2446 3542 2492 3598 j.
2521 3542 2635 3586 Luc.
2661 3556 2750 3586 om.

615 3614 897 3658 caecutiens.
922 3638 976 3647 —
1007 3616 1053 3660 k.
1084 3615 1196 3660 Luc.
1228 3628 1317 3659 om.
1344 3627 1481 3659 voce.
1506 3638 1561 3646 —
1585 3615 1615 3659 1.
1651 3614 1781 3659 Paris
1806 3615 1867 3659 ab
1898 3613 2093 3670 iynotos
2122 3613 2503 3658 discernens.—-
2531 3625 2597 3657 m.
2636 3613 2751 3658 Pad.

614 3688 660 3728 et
684 3684 815 3729 Paris
832 3687 1107 3731 reverendi.
1124 3699 1242 3731 —n.
1273 3687 1376 3731 Alc.
1392 3687 1472 3731 286
1488 3689 1533 3729 et
1556 3686 1690 3729 Paris
1714 3688 1931 3730 donatus
1959 3686 2110 3730 visui.
2138 3685 2250 3729 Luc.
2269 3685 2535 3739 utriusque
2558 3685 2755 3729 lumine

613 3758 829 3802 donatus
866 3757 1023 3803 visus.
1055 3758 1167 3802 Pad.
1195 3759 1461 3813 utriusque
1488 3758 1701 3802 luminis
1738 3759 1921 3802 donato
1947 3758 2077 3801 visu.
2103 3780 2156 3789 —
2185 3770 2228 3801 o.
2253 3758 2358 3810 Alc.
2381 3758 2464 3802 ⁶286
2487 3756 2676 3801 Alesia.
2700 3781 2757 3789 —

611 3841 660 3885 p.
693 3827 803 3872 Luc.
832 3833 1045 3884 utroque
1070 3830 1277 3874 lumine.
1302 3853 1356 3862 —
1380 3841 1427 3884 q.
1456 3830 1567 3874 Luc.
1597 3833 1644 3874 et
1671 3829 1784 3874 Pad.
1811 3842 1903 3872 om.
1937 3829 2125 3872 lumen.
2155 3851 2209 3860 ——
2238 3841 2277 3872 r.
2316 3828 2448 3871 Paris
2488 3829 2752 3882 potuisset.

610 3922 663 3930 —
692 3911 731 3943 ε.
770 3901 873 3944 Alc.
899 3900 979 3946 286
999 3914 1088 3945 om.
1119 3902 1283 3945 sancti
1308 3902 1537 3945 Antonii.
1566 3900 1680 3944 Luc.
1706 3914 1795 3944 om.
1822 3900 2047 3945 Antonii.
2077 3899 2209 3943 Paris
2237 3898 2401 3944 sancti
2426 3898 2606 3954 patris.
2639 3923 2694 3932 -—
2717 3903 2751 3944 t.

612 3970 726 4014 Luc.
764 3984 857 4027 per
880 3983 1012 4017 eum.
1042 3995 1095 4004 -
1118 3984 1168 4017 u.
1197 3973 1309 4017 Pad.
1338 3974 1538 4016 Germa.
1564 3995 1617 4004 -
1639 3984 1686 4016 υ.
1708 3973 1822 4015 Anc.
1851 3971 2082 4015 Laureto.

681 4144 726 4191 1.
760 4143 1117 4209 Εοηεεῐὶαηο,
1149 4144 1277 4195 ville
1304 4144 1337 4194 ὁ
1368 4148 1424 4194 27
1456 4143 1794 4205 kilometreS,
1825 4157 1895 4193 au
1928 4142 2084 4205 nord,
2105 4130 2185 4194 'de
2215 4143 2459 4193 Trevise.

675 4227 721 4272 2.
756 4225 991 4274 Suivant
1023 4224 1072 4275 le
1106 4225 1241 4275 Pere
1278 4226 1415 4275 Josa
1445 4225 1618 4289 (Leg.‚
1650 4228 1776 4285 etc„
1817 4237 1869 4288 p.
1908 4230 1986 4286 55,
2018 4223 2185 4288 note),
2218 4224 2350 4274 c'est
2377 4236 2484 4273 une
2514 4222 2740 4274 localite

612 4304 825 4354 voisine
858 4304 955 4355 des
987 4304 1220 4368 laguncs
1246 4304 1314 4355 de
1345 4306 1568 4356 Venise.
