3109 4950
535 430 622 496 30
1018 450 1077 495 S.
1130 449 1419 495 mroml
1468 448 1793 497 Lucano».
1841 448 2085 509 emm,
2137 429 2178 496 5

531 587 795 656 meritis
828 587 1234 656 miraculose
1275 613 1348 656 se
1383 587 1746 659 liberatum
1775 601 1833 670 ⁰,
1876 612 1999 679 per
2027 610 2265 656 omnes
2310 586 2661 678 Hispaniae

529 693 947 786 provinciaS,
992 694 1450 787 divulgasset,
1512 695 1800 764 audiens
1845 719 2089 764 servus
2138 694 2263 763 Dei
2318 695 2661 763 Antonius

532 802 703 869 mira
759 825 910 892 quae
976 826 1098 892 per
1172 826 1290 870 eos
1358 802 1636 883 fiebant,
1707 802 2011 871 directus
2073 813 2182 870 est
2247 810 2316 869 et
2376 801 2525 892 ipse
2590 802 2660 870 in

526 907 973 977 fortitudine⁶
1027 909 1324 999 Spiritus
1410 909 1655 989 sancti,
1730 909 2284 1001 accingensque⁰
2328 909 2656 977 cinctorio

527 1015 737 1083 fideid
777 1039 975 1083 renes
1032 1039 1221 1095 suos,
1267 1016 1637 1084 roborabat
1691 1016 2086 1085 brachium⁶
2141 1026 2490 1084 armatura
2537 1017 2659 1084 zeli

527 1122 734 1190 illius.
772 1126 836 1190 2.
873 1122 1288 1214 Dicebatque
1326 1123 1395 1190 in
1429 1122 1630 1191 corde
1661 1146 1786 1191 suo
1822 1147 1837 1190 ε
1886 1122 1946 1191 Ο
1980 1123 2040 1191 si
2070 1147 2176 1190 me
2209 1124 2658 1192 sanctorum!

530 1239 907 1320 martyrum
947 1253 1224 1297 suorum
1266 1244 1580 1298 coronaeS
1611 1230 2011 1321 participem
2066 1230 2211 1298 sore
2252 1229 2659 1323 dignaretur

527 1336 972 1405 Altissimus!
1018 1338 1079 1405 O
1130 1337 1189 1404 si
1230 1361 1360 1419 me,
1414 1338 1588 1406 ssexo
1632 1337 1886 1427 poplite
1917 1337 1973 1417 k,
2018 1361 2141 1427 pro
2177 1337 2449 1405 nomine
2486 1342 2652 1408 Jesu

527 1441 737 1510 collai
819 1442 1210 1512 tendentem
1278 1443 1536 1512 lictoris
1609 1443 1947 1511 inveniret
2027 1443 2302 1535 gladius
2341 1449 2354 1510 !
2444 1446 2656 1511 Putas

526 1548 830 1617 videbo?
903 1552 1115 1617 Putas
1182 1550 1638 1640 jucunditatis
1694 1549 1917 1617 illudJ'
1971 1561 2242 1642 tempus
2300 1549 2659 1641 implebo?

532 1659 691 1724 Haec
730 1666 798 1724 et
826 1656 935 1724 bis
977 1656 1227 1723 similia
1258 1657 1510 1724 tacitus
1550 1680 1783 1727 secum
1821 1657 2251 1747 loquebatur.

610 1767 674 1832 3.
719 1764 1219 1831 Morabanturk
1241 1773 1491 1840 autem,
1537 1787 1617 1831 eo
1648 1774 1976 1855 tempore,
2009 1788 2141 1832 non
2187 1764 2391 1855 longe
2423 1789 2462 1833 a
2494 1764 2652 1832 civi·

520 1878 662 1937 tate
693 1869 1092 1951 Colimbria,
1128 1870 1199 1936 in
1231 1869 1376 1938 loco
1399 1870 1513 1961 qui
1545 1870 1840 1938 Sanctus
1870 1871 2211 1939 Antonius
2242 1871 2650 1962 appellatur,

518 1976 767 2044 fratres
798 1976 881 2044 de
911 1977 1147 2045 ordine
1180 1977 1549 2062 Minorum,
1591 1977 1861 2045 litteras
1909 1976 2181 2069 quidem
2237 1978 2649 2059 nescientes,

519 2082 638 2151 sed
692 2083 1015 2152 virtutem
1056 2084 1071 2127 ²
1118 2084 1363 2152 litterae
1396 2084 1719 2174 operibus
1778 2084 2165 2170 edocentes,
2228 2087 2293 2152 4.
2366 2085 2526 2173 Qui,
2588 2094 2657 2153 et

511 2191 708 2280 juxta
740 2190 1002 2270 ordinis
1045 2201 1329 2272 statuta,
1366 2193 1819 2283 eleemosynae
1859 2190 2203 2282 pretendae
2262 2192 2516 2282 gratia,
2567 2192 2654 2259 ad

521 2298 1012 2365 monasterium
1052 2297 1122 2364 in
1152 2322 1284 2389 quo
1324 2298 1430 2365 vir
1479 2298 1604 2366 Dei
1644 2298 2185 2367 conversabatur
2222 2321 2427 2390 quam
2468 2321 2653 2389 saepe

519 2404 910 2474 veniebant.
956 2409 1019 2475 5.
1056 2404 1164 2472 Ad
1207 2428 1405 2496 quOS,
1458 2429 1665 2497 quum
1713 2429 1795 2472 ex
1859 2428 2070 2486 more,
2113 2405 2223 2474 die
2262 2406 2646 2498 quadamm‚

521 2512 627 2580 vir
686 2512 836 2588 Dei,
906 2512 1236 2580 visitandi
1278 2512 1528 2604 gratia,
1579 2513 1912 2581 secretius
1972 2512 2410 2600 accessisset,
2469 2513 2649 2581 inter

521 2630 767 2688 caetera
784 2644 934 2711 quae
951 2620 1218 2688 locutus
1237 2631 1345 2688 est
1366 2620 1508 2688 haec
1528 2632 1560 2662 ²²
1605 2644 1871 2712 quoque
1898 2620 2099 2689 dixit:
2128 2620 2412 2688 Ordinis
2431 2620 2650 2690 vestri

521 2727 849 2806 habitum,
876 2727 1123 2795 fratres
1147 2727 1511 2808 carissimi,
1534 2727 1759 2794 animo
1791 2728 2212 2795 desideranti
2246 2728 2643 2818 suscipiam,

521 2835 580 2902 si
622 2858 753 2915 me,
797 2858 950 2902 mox
987 2846 1063 2902 ut
1112 2834 1632 2925 introgressus0
1679 2834 1894 2913 suem,
1956 2834 2041 2902 ad
2098 2845 2350 2902 terram
2407 2836 2652 2903 Sarra-

519 2965 839 3010 cenorum
889 2940 1159 3009 mittere
1214 2940 1747 3032 spoponderitiS,
1804 2951 2143 3032 quatenus
2192 2964 2343 3009 cum
2385 2941 2648 3009 sanctis

518 3049 938 3139 martyribus
970 3072 1233 3116 merear
1272 3058 1339 3115 et
1369 3071 1498 3138 ego
1530 3049 1854 3139 consequi
1886 3072 2153 3116 coronae
2183 3048 2643 3139 participium.

518 3159 583 3224 6.
629 3156 788 3243 Qui,
834 3179 966 3222 non
1022 3154 1340 3222 mediocri
1387 3154 1641 3246 gaudio
1682 3179 1763 3221 ex
1792 3155 1966 3222 tanti
2006 3154 2136 3221 viri
2182 3154 2417 3223 verbis
2457 3154 2650 3222 exhi-

519 3263 745 3339 larati,
790 3261 1025 3330 diemv
1066 3286 1198 3353 quo
1230 3262 1371 3329 haec
1413 3261 1630 3329 siant‘l
1666 3261 1973 3352 proximo
2014 3273 2410 3353 sequentem
2448 3285 2651 3329 cons-

519 3371 775 3438 tituunt
814 3380 904 3456 et,
942 3394 1024 3436 ne
1065 3392 1254 3437 mora
1284 3368 1657 3460 periculum
1688 3368 1943 3449 trahat,
1986 3379 2257 3460 tempus
2296 3367 2647 3437 dilationis

520 3476 898 3568 praecidunt
927 3489 974 3545 ¹⁹.

609 3587 674 3654 7.
714 3584 1069 3652 Fratribus
1109 3583 1364 3675 igitur⁸
1392 3584 1817 3652 laetabundet
1868 3584 2140 3651 domum
2170 3582 2644 3665 redeuntibuS,

519 3691 849 3760 remansit
890 3715 1131 3759 servus
1199 3689 1321 3758 Dei
1374 3690 1717 3758 Antonius
1770 3714 1975 3781 super
2040 3688 2242 3757 dictis
2287 3713 2328 3757 a
2367 3689 2650 3780 prim-eu

550 3901 615 3933 ·a.
648 3888 783 3933 Paris
809 3899 903 3944 per
928 3888 1108 3932 merita
1142 3887 1371 3944 ipsorum
1399 3887 1481 3932 sui
1504 3886 1666 3943 ipsius
1691 3899 1720 3931 a
1738 3886 1977 3944 yravibus
2003 3884 2247 3943 periculis
2281 3884 2650 3932 liberationem.

512 3984 564 3993 —
581 3960 625 4005 b.
649 3959 783 4005 Paris
810 3958 1029 4004 virtute..
1065 3982 1117 3992 -—
1142 3970 1185 4003 c.
1219 3958 1352 4002 Paris
1387 3959 1766 4014 ascingenaque.
1783 3959 1900 4004 —d.
1927 3957 2063 4002 Paris
2085 3970 2174 4001 om.
2208 3957 2342 4012 fidei.
2367 3980 2421 3990 —
2448 3969 2490 4002 e.
2520 3957 2655 4002 Paris

515 4031 737 4076 brachia.
774 4054 826 4063 —
870 4031 905 4086 s.
937 4031 1069 4075 Paris
1105 4043 1195 4074 om.
1240 4033 1553 4075 sanctorum.
1589 4053 1642 4062 —
1678 4043 1725 4085 9.
1770 4030 1878 4074 Nat.
1908 4029 2037 4075 14363
2075 4039 2121 4073 et
2146 4028 2263 4073 Luc.
2293 4028 2563 4073 occisione.
2598 4051 2653 4062 —

516 4105 564 4149 h.
606 4103 721 4147 Luc.
758 4103 976 4159 publice.
999 4124 1051 4136 -
1068 4103 1100 4147 i.
1131 4102 1241 4146 Pad.
1273 4103 1416 4147 collo.
1440 4101 1553 4155 ——JZ
1587 4102 1721 4146 Paris
1747 4101 1900 4145 illius.
1921 4123 1975 4133 —
2002 4100 2049 4145 k.
2070 4101 2175 4145 Alc.
2205 4101 2286 4146 286
2310 4100 2650 4144 mirabantur.

511 4198 565 4208 —
582 4175 614 4219 l.
634 4175 768 4218 Paris
785 4174 1050 4219 virtutum.
1074 4196 1126 4207 —
1148 4185 1216 4219 m.
1247 4173 1359 4217 Luc.
1383 4174 1620 4228 quodam.
1637 4196 1689 4205 —
1713 4185 1762 4218 n.
1787 4173 1899 4217 Luc.
1923 4174 2033 4217 hoc.
2063 4193 2116 4205 —
2141 4183 2183 4215 o.
2213 4171 2352 4214 Paris
2372 4171 2649 4228 inqressus.

511 4270 566 4279 —
586 4255 639 4300 p.
665 4247 770 4291 Alc.
795 4247 874 4292 286
895 4245 990 4289 die.
1018 4267 1070 4279 —-
1094 4257 1141 4300 q.
1170 4245 1304 4290 Paris
1328 4245 1450 4300 fiant
1478 4246 1596 4289 haec.
1621 4257 1729 4290 -r.
1757 4244 1867 4290 Nat.
1899 4243 2030 4290 14363
2051 4243 2353 4300 praedicunt.
2374 4264 2427 4277 -
2445 4254 2487 4287 s.
2515 4241 2652 4287 Paris

516 4329 649 4374 erqo,
683 4341 735 4350 —
762 4320 793 4362 t.
824 4316 934 4362 Pad.
965 4316 1277 4362 laetabundoe.
1310 4339 1364 4349 —
1388 4329 1441 4361 u.
1464 4317 1601 4372 Luc„
1626 4316 1761 4371 Pad„
1786 4314 1921 4361 Paris
1946 4316 2007 4361 ab
2031 4314 2238 4360 Abbate.
