3109 4950
589 434 720 505 226
946 457 1005 502 s,
1060 454 1349 502 An'ronn
1396 454 1721 502 LEGENDA
1773 460 1807 497 «
1849 453 2273 502 sumemus
2317 462 2351 497 »

683 598 788 664 14.
835 596 1069 665 Puella
1107 596 1447 687 quaedam,
1481 595 1752 663 nomine
1794 594 2144 676 paduana,
2180 619 2510 663 annorum
2550 619 2720 687 qua-

589 714 771 790 tuor,
794 703 1043 794 pedum
1069 726 1319 793 gressu
1355 700 1652 794 privata,
1685 702 2102 793 serpentium
2136 725 2323 769 more
2362 701 2719 770 incedebat

590 833 695 891 ac,
759 811 996 878 morbo
1071 809 1330 877 caduco
1408 809 1760 896 laborans,
1827 809 2269 877 volutabatur
2333 809 2722 900 frequenter

593 940 924 1008 spumans
974 926 1040 985 et
1078 917 1178 1006 Jad
1230 927 1483 985 terram
1533 940 1608 984 se
1654 910 2136 984 miserabiliter
2176 916 2561 984 collidebat.
2612 920 2716 985 15.

593 1028 818 1113 Quam
857 1047 1062 1115 quum
1108 1033 1304 1114 pater
1343 1024 1517 1114 ejuS,
1553 1023 1824 1091 nomine
1864 1026 2135 1110 Petrus,
2167 1023 2377 1091 semel
2416 1033 2725 1114 gestaret

593 1131 665 1199 in
720 1131 927 1218 ulnis,
971 1131 1246 1199 obvium
1292 1130 1533 1199 habuit
1584 1154 1666 1198 ex
1716 1130 2069 1222 insperato
2124 1130 2401 1198 beatum
2458 1141 2722 1221 patrem

595 1239 971 1306 Antonium
1037 1262 1077 1305 a
1143 1237 1629 1329 praedicatione
1704 1237 2123 1306 redeuntem.
2198 1240 2302 1306 16.
2358 1237 2486 1306 Cui
2544 1237 2726 1305 idem

598 1349 844 1413 Petrus
885 1345 1128 1413 devote
1168 1368 1564 1431 occurrenS,
1606 1368 1853 1436 rogare
1906 1368 2058 1412 eum
2109 1345 2314 1435 coepit
2365 1343 2611 1412 obnixe
2647 1353 2727 1411 ut

600 1452 804 1544 signo
862 1452 1154 1520 vivificae
1218 1453 1443 1520 crucis
1508 1476 1660 1520 eam
1712 1452 2179 1544 consignaret.
2223 1454 2328 1520 17.
2391 1452 2606 1541 Cujus
2648 1460 2727 1517 ut

601 1561 937 1628 sinceram
999 1559 1202 1626 fidem
1253 1560 1408 1649 pius
1465 1570 1661 1650 pater
1706 1559 2087 1650 conspexit,
2131 1581 2169 1625 a
2237 1558 2456 1651 capite
2508 1582 2727 1649 usque

599 1667 687 1734 ad
758 1666 967 1757 pedes
1045 1690 1195 1735 eam
1264 1690 1461 1734 cruce
1535 1666 1984 1757 consignans,
2046 1665 2281 1733 statim
2344 1666 2570 1756 puella
2637 1665 2728 1732 ab

599 1774 784 1842 omni
839 1798 972 1865 qua
1024 1773 1404 1841 vexebatur
1463 1773 1788 1864 passione
1846 1772 2110 1841 exstitit
2166 1772 2526 1842 liberata¹.

693 1884 798 1951 18.
852 1881 1101 1949 Mulier
1139 1880 1450 1973 quaedam
1490 1880 1740 1948 nobilis
1782 1880 2082 1948 civitatis
2124 1880 2489 1967 Paduanae‚
2529 1889 2734 1970 prout

598 1989 765 2070 filio,
820 1989 964 2079 jam
1018 1989 1091 2056 in
1156 1988 1392 2056 ordine
1451 1989 1851 2066 exsistente,
1893 1997 2195 2055 testante
2260 1987 2727 2078 cognoscitur,

601 2098 761 2165 dum
802 2107 1114 2165 sanctum
1155 2096 1595 2164 comitaretur
1639 2095 2035 2191 Antonium,
2079 2118 2230 2162 cum
2269 2095 2516 2187 grandi
2553 2097 2734 2162 mul-

600 2204 894 2273 titudine
972 2204 1229 2295 populi,
1299 2227 1507 2271 causa
1576 2202 2084 2293 praedicationis
2167 2201 2254 2269 ad
2321 2202 2735 2293 campestria

604 2322 987 2393 exeuntem,
1048 2311 1118 2378 in
1179 2309 1475 2401 quadam
1532 2321 1832 2400 angusta
1909 2320 2130 2377 strata
2195 2309 2596 2387 constituta,
2659 2310 2734 2376 in

604 2419 820 2488 lutum
888 2416 1436 2486 sordidissimum
1501 2416 1773 2504 cecidit,
1830 2440 2159 2508 pressura
2224 2417 2730 2485 transeuntium

606 2527 1114 2617 comprimente.
1165 2528 1268 2594 19.
1300 2526 1497 2612 Quae,
1539 2526 1611 2592 in
1641 2535 1891 2615 puncto
1930 2525 2091 2592 dum
2130 2523 2428 2611 caderet,
2474 2525 2605 2592 sibi
2649 2549 2730 2592 ac

605 2633 918 2702 vestibus
976 2633 1325 2724 pretiosis,
1379 2655 1551 2723 quas
1605 2631 1688 2699 de
1746 2655 1921 2699 novo
1973 2631 2313 2709 induerat,
2355 2631 2734 2722 periculum

605 2741 958 2808 imminere
1002 2763 1137 2807 non
1176 2739 1524 2819 dubitanS,
1557 2742 1701 2807 Deo
1734 2749 1801 2806 et
1830 2763 2031 2807 servo
2071 2763 2195 2807 suo
2235 2739 2535 2807 Antonio
2575 2762 2735 2806 cus-

607 2848 999 2916 todiendam
1046 2858 1250 2939 atque
1298 2846 1621 2915 tuendam
1685 2870 1759 2914 se
1824 2846 2114 2914 fideliter
2175 2847 2730 2928 commendabat;

608 3107 670 3148 ce
714 3099 883 3160 recit3
931 3098 969 3148 il
1011 3097 1298 3162 supprime
1337 3097 1647 3148 seulement
1689 3096 1740 3146 le
1783 3109 1909 3147 nom
1940 3094 2013 3145 du
2055 3109 2400 3161 compagnon
2445 3094 2518 3145 du
2567 3097 2736 3156 saint,

608 3179 774 3229 Frere
800 3177 931 3228 Luc.

673 3261 717 3307 1.
751 3258 909 3308 Ainsl
934 3271 1043 3323 que
1068 3271 1209 3309 nous
1239 3258 1449 3308 l'avons
1470 3256 1569 3306 tait
1590 3258 1848 3307 ressortir
1868 3256 2114 3316 ailleurs‚
2137 3270 2276 3307 nous
2304 3270 2479 3307 avons
2501 3256 2570 3307 de
2590 3258 2739 3306 celle

609 3340 871 3402 guerison
911 3337 980 3389 de
1025 3337 1290 3389 Paduana
1331 3340 1483 3396 troie,
1518 3351 1588 3387 ou
1636 3338 1810 3387 meme
1852 3340 2050 3402 quatre
2094 3339 2277 3398 reone,
2308 3337 2526 3401 rediges
2566 3337 2600 3387 a
2635 3337 2737 3388 des

608 3421 855 3484 epoques
884 3417 1201 3470 differentes
1231 3421 1303 3480 et,
1337 3430 1439 3482 par
1466 3418 1616 3468 leurs
1639 3417 1998 3481 divergences
2025 3417 2379 3478 men1e8,sort
2405 3418 2733 3481 suggestlss:

608 3502 659 3548 1·
689 3498 846 3549 Celul
872 3498 947 3549 du
976 3499 1178 3549 recueil
1205 3498 1274 3548 de
1305 3498 1559 3548 miracles
1588 3497 1656 3548 de
1687 3498 1741 3548 la
1771 3497 2004 3564 legenda
2029 3498 2215 3563 prima
2246 3498 2333 3560 (V.
2363 3510 2568 3563 supra:
2600 3498 2735 3562 Leg.

600 3579 808 3645 ρι’ἰιηα,
840 3582 918 3640 31,
949 3589 1024 3628 n··
1049 3580 1232 3643 3640).
1262 3581 1312 3627 2·
1343 3578 1501 3629 Celui
1538 3578 1612 3629 du
1650 3574 1926 3644 Dialogus
1956 3578 2022 3628 de
2053 3579 2187 3629 vitis
2231 3583 2408 3630 sanct.
2455 3578 2545 3628 Fr.
2573 3577 2736 3640 Min„

608 3659 716 3723 (ed.
750 3659 1061 3722 Lemmens,
1089 3673 1141 3723 p.
1175 3662 1251 3720 19,
1283 3668 1340 3708 n·
1368 3659 1475 3722 31);
1523 3657 1561 3708 il
1593 3657 1878 3723 reproduit
1916 3672 1984 3708 en
2017 3662 2260 3720 majeure
2296 3659 2474 3722 partie
2504 3658 2555 3709 le
2586 3661 2738 3709 texte

606 3738 675 3789 de
706 3739 759 3789 la
782 3739 1014 3805 legenda
1038 3739 1224 3804 prima
1245 3739 1380 3789 dont
1409 3739 1444 3788 ll
1473 3738 1693 3789 modlsse
1724 3739 2028 3789 seulement
2056 3740 2137 3790 les
2167 3738 2448 3789 dernieres
2478 3740 2737 3803 phraseS,

607 3819 675 3869 de
700 3819 861 3882 (aeon
888 3820 920 3869 a
951 3822 1247 3870 accentuer
1269 3820 1320 3869 le
1345 3821 1627 3870 caractere
1656 3818 1970 3869 surnaturel
2000 3818 2070 3869 de
2096 3819 2375 3884 l'episode.
2409 3825 2458 3867 3·
2482 3818 2637 3870 Celui
2665 3819 2738 3869 de

606 3903 764 3950 notre
811 3899 1061 3962 legende,
1110 3900 1204 3964 qui
1249 3900 1446 3962 elague
1495 3899 1832 3950 resolument
1878 3900 2118 3949 certains
2167 3899 2367 3950 details
2402 3901 2459 3950 et
2492 3900 2739 3949 remanie

605 3982 915 4030 carrement
944 3979 995 4030 le
1030 3983 1175 4030 texte
1204 3980 1450 4043 primitis,
1500 3979 1611 4029 assn
1656 3978 2034 4042 d'augmenter
2061 3993 2261 4030 encore
2310 3979 2638 4042 d’avantage
2683 3979 2738 4028 la

606 4059 740 4110 dose
762 4059 834 4110 du
867 4060 1240 4111 merveilleux.
1271 4063 1322 4108 4⁰
1344 4059 1530 4118 Quant
1555 4073 1624 4109 au
1648 4059 1813 4110 Liber
1835 4059 2229 4110 miraculorum
2254 4060 2331 4122 (η’
2352 4060 2452 4122 30),
2477 4060 2513 4108 il
2544 4071 2736 4123 repro-

607 4140 726 4191 duit
772 4140 823 4189 le
866 4142 1010 4191 texte
1040 4139 1109 4191 de
1140 4142 1297 4190 notre
1343 4139 1593 4203 legende,
1623 4153 1733 4190 non
1781 4153 1911 4189 sans
1954 4152 2021 4188 en
2068 4139 2334 4198 modisser,
2373 4139 2651 4198 toutefoiS,
2684 4139 2744 4189 la

606 4220 857 4271 derniere
891 4221 1114 4286 phrase,
1145 4221 1258 4271 assn
1298 4219 1578 4271 d'insister
1616 4232 1813 4270 encore
1852 4219 2164 4283 davantage
2207 4233 2302 4270 sur
2342 4221 2393 4270 la
2433 4219 2747 4286 pretendue

609 4302 1002 4352 instantaneile
1033 4301 1101 4351 de
1131 4300 1185 4350 la
1211 4301 1487 4363 guen-ison.
