3109 4950
508 432 636 497 222
863 450 923 496 s,
977 449 1265 495 Auroun
1316 448 1638 495 uacuum
1687 453 1721 490 «
1767 447 2189 494 animemus
2232 454 2266 490 η

505 589 691 656 tione
750 587 1062 657 introivit
1110 587 1196 656 ad
1249 588 1481 656 missae
1535 587 1891 657 solemnia.
1955 591 2062 657 13.
2125 590 2278 678 Qua
2326 598 2632 680 peracta,

505 696 670 764 exiit
707 695 793 763 ad
835 695 1343 786 praestolantem
1383 695 1729 786 populum,
1766 717 1918 762 cum
1957 717 2219 763 summa
2255 695 2638 764 reverentia

503 802 818 870 deferens
863 825 1111 893 corpus
1150 801 1586 870 dominicum.
1631 801 1966 882 Educitur
2003 802 2227 870 mulus
2285 803 2636 871 famelicus

504 910 588 978 de
646 908 952 977 conclavi
1006 919 1074 978 et
1131 932 1306 978 escae
1359 919 1821 1001 congruentes
1874 908 2328 977 ostenduntur
2382 909 2466 977 ei.
2528 913 2632 978 14.

505 1016 838 1108 Denique,
880 1015 1214 1106 imperato
1255 1015 1553 1096 silenti0‚
1597 1016 1705 1083 vir
1747 1015 1871 1083 Dei
1912 1039 2064 1083 cum
2121 1015 2335 1084 multa
2389 1015 2634 1084 fiducia

504 1123 819 1215 praecipit
874 1122 1108 1191 dicens
1174 1122 1392 1191 eidem
1457 1123 1705 1191 bruto:
1772 1123 1848 1189 In
1903 1122 2160 1191 virtute
2225 1147 2307 1191 ao
2366 1123 2634 1191 nomine

503 1229 834 1298 creatoris
873 1230 997 1317 tui,
1032 1254 1231 1321 quem
1270 1230 1347 1297 in'
1379 1230 1695 1297 manibus
1733 1229 1893 1298 licet
1929 1229 2257 1321 indignus
2297 1230 2635 1298 veraciter

497 1348 727 1418 tene0‚
789 1336 913 1404 tibi
963 1335 1140 1415 dico,
1206 1360 1248 1405 o
1302 1337 1577 1413 animal,
1623 1346 1690 1405 et
1740 1337 2065 1428 praecipio
2118 1347 2220 1418 ut,
2277 1336 2634 1405 confestim

503 1443 848 1512 humiliter
901 1443 1212 1523 veniens,
1255 1443 1556 1511 debitam
1598 1443 1730 1512 sibi
1770 1444 2226 1512 reverentiam
2277 1443 2628 1519 exhibeas,

501 1562 841 1642 quatenus
882 1575 965 1618 ex
995 1550 1121 1619 hoc
1159 1550 1415 1642 liquido
1453 1561 1699 1618 noscat
1737 1550 2058 1620 haeretica
2100 1551 2412 1643 pravitas
2453 1549 2633 1642 quod

500 1658 724 1726 omnis
789 1669 1103 1726 creatura
1165 1657 1526 1749 subjicitur
1592 1657 1835 1726 factori
1903 1682 2053 1739 suo,
2117 1658 2335 1750 ¹quem
2403 1682 2634 1726 sacer-

499 1765 752 1833 dotalis
809 1764 1115 1857 dignitas
1173 1774 1552 1833 contrectat
1600 1765 1670 1832 in
1716 1764 1943 1833 altari.
1991 1769 2100 1834 15.
2155 1765 2458 1833 Necdum
2509 1765 2634 1832 Dei

500 1896 745 1940 servus
819 1871 1031 1939 verba
1104 1872 1374 1940 finierat
1439 1895 1646 1963 quum
1715 1895 1869 1940 ecce
1933 1873 2296 1963 praefatum
2353 1872 2630 1949 animal,

499 1979 785 2048 dimisso
823 1979 1072 2070 pabulo
1116 1979 1471 2071 capiteque
1528 2003 1745 2071 usque
1799 1979 1886 2047 ad
1946 1979 2250 2071 poplices
2306 1979 2634 2047 inclinato

500 2097 569 2154 et
614 2086 928 2154 demerso
955 2098 1012 2164 α,
1056 2084 1389 2153 accedens
1444 2085 1820 2177 genuflexit
1876 2109 2102 2155 coram
2156 2085 2421 2156 Christi
2481 2108 2633 2153 cor-

497 2193 687 2284 poris
724 2192 1000 2261 vivifico
1041 2203 1496 2260 sacramentO.
1846 2190 1851 2194 ⁴

594 2303 698 2367 16.
758 2299 866 2368 Fit
921 2323 1003 2366 ex
1060 2299 1186 2367 hoc
1237 2299 1565 2390 gaudium
1626 2299 2084 2368 inestimabile
2140 2299 2497 2368 catholicis
2560 2310 2629 2367 et

498 2406 841 2487 fidelibus,
919 2405 1203 2475 tristitia
1272 2416 1339 2475 et
1413 2406 1722 2475 confusio
1797 2406 2141 2476 haereticis
2221 2417 2427 2499 atque
2493 2429 2629 2474 non

410 2523 418 2531 '
498 2514 961 2582 credentibus,
1010 2517 1197 2581 Deus
1248 2513 1409 2581 inde
1463 2514 1888 2582 benedicitur
1944 2526 2012 2582 et
2049 2513 2409 2596 laudatur3
2455 2513 2628 2580 fides

497 2621 831 2689 catholica
898 2620 1244 2688 extollitur
1299 2631 1367 2688 et
1441 2620 1861 2702 honoratum
1936 2621 2257 2689 haeretica
2315 2621 2628 2712 pravitas

498 2728 931 2797 confunditur
988 2738 1055 2795 et
1122 2728 1575 2818 exprobratur
1632 2716 1997 2819 opprobrio
2056 2752 2199 2796 sem
2257 2730 2413 2812 [146
2465 2727 2511 2795 b
2561 2730 2627 2809 2]

493 2837 785 2928 piternO.
848 2838 954 2903 17.
998 2837 1423 2903 Memoratus
1482 2844 1709 2902 autem
1767 2835 2155 2916 haereticuS‚
2202 2858 2432 2903 coram
2480 2858 2626 2900 om-

494 2943 698 3011 nibus
786 2943 1101 3032 abjurata
1184 2941 1455 3020 haeresi,
1536 2952 1793 3009 sanctae
1883 2942 2189 3010 ecclesia}
2279 2941 2625 3008 mandatis

493 3050 810 3141 legaliter
848 3047 1152 3116 obedivit
1181 3050 1226 3114 ¹.

588 3159 691 3225 18.
737 3156 981 3245 Cujus,
1016 3178 1274 3245 quaem,
1318 3178 1433 3222 cor
1473 3155 1573 3223 sic
1612 3155 1978 3246 lapideum,
2014 3154 2184 3224 adeo
2223 3154 2617 3238 inflexibile,

495 3263 1006 3332 adamantinum
1050 3272 1120 3329 et
1170 3262 1485 3340 ferreum,
1539 3262 1878 3331 audiendo
1932 3273 2073 3330 tam
2123 3261 2295 3330 dura
2347 3272 2623 3353 tamque

493 3369 824 3438 terribilia
892 3369 975 3437 de
1042 3368 1264 3460 poenis
1331 3369 1606 3449 inferni,
1676 3393 1849 3461 quas
1904 3368 2292 3457 videbatur,
2354 3368 2624 3438 Christi

493 3501 718 3569 praeco
758 3475 1081 3567 insignis,
1127 3476 1468 3544 Antonius
1507 3476 1650 3544 fere
1680 3475 1767 3544 ad
1810 3476 2077 3545 oculum
2116 3475 2615 3556 demonstrare,

544 3713 589 3747 a.
615 3702 758 3746 'rexte
786 3700 1023 3746 dimerso,

552 3902 596 3948 1.
653 3898 756 3948 Cet
793 3898 1019 3962 episode
1063 3901 1149 3948 est
1194 3900 1418 3949 raconte
1465 3897 1604 3948 dans
1647 3898 1787 3949 Jean
1821 3897 2055 3961 Rigauld
2082 3897 2226 3962 (cap.
2273 3896 2446 3959 VIII),
2481 3897 2621 3945 mals

489 3992 624 4029 avec
667 3978 935 4043 quelques
984 3979 1340 4041 divergences
1384 3978 1451 4028 de
1494 3978 1694 4029 details
1728 3981 1800 4038 et,
1841 3992 1973 4028 sous
2003 3978 2053 4027 le
2102 3979 2331 4043 rapport
2359 3975 2430 4026 du
2464 3977 2620 4039 style,

489 4059 649 4108 d'une
677 4059 836 4120 sagon
883 4060 1308 4123 complelement
1355 4058 1658 4109 differente.
1703 4058 1778 4109 Le
1831 4058 1992 4108 Liber
2039 4058 2431 4108 miraculorum
2461 4060 2540 4118 (η’
2569 4059 2619 4119 5)

487 4139 775 4202 reproduit
802 4141 833 4189 a
867 4153 973 4203 pou
1008 4141 1134 4203 pres
1167 4138 1580 4189 lextuellement
1625 4142 1781 4189 notre
1830 4138 2078 4201 legende.
2112 4138 2313 4187 Paulin
2345 4136 2413 4187 de
2445 4136 2621 4186 Pouz-

487 4218 634 4268 zoles
665 4233 695 4267 a
724 4232 796 4268 un
836 4221 969 4269 recit
1000 4220 1125 4283 plus
1169 4221 1326 4269 court
1367 4223 1421 4269 et
1471 4218 1723 4269 different
1757 4232 1899 4283 pour
1929 4219 1981 4269 la
2022 4219 2227 4280 sorme;
2271 4217 2308 4268 il
2336 4231 2404 4268 cn
2434 4219 2522 4268 est
2549 4216 2619 4266 de

490 4299 664 4348 meme
695 4298 762 4349 de
794 4300 1140 4363 Barthelemy
1171 4299 1239 4349 de
1266 4300 1411 4349 Pise.
