3109 4950
913 447 972 493 s,
1027 445 1314 492 Ani-mm
1361 445 1686 493 Laesum
1737 444 1981 504 Pamin,
2032 424 2115 492 31
2471 425 2561 494 89

425 587 610 655 tibus
659 586 948 668 cunctiS‚
990 609 1140 654 eam
1187 585 1536 654 clauderet
1585 595 1653 653 et
1704 582 2024 676 aperiret.
2069 587 2179 653 35.
2226 583 2558 674 Deposita

423 718 591 762 vero
617 694 701 763 de
728 718 912 775 arca,
938 693 1174 763 statim
1203 692 1458 762 exsiliit
1487 704 1582 774 et,
1607 703 1860 784 optatae
1890 690 2209 760 restituta
2244 690 2553 772 sanitati,

422 801 817 869 laetabunda
845 800 1191 870 discessit.

514 912 624 977 36.
669 909 864 979 Civis
901 909 1178 1000 quidam
1220 908 1611 992 Paduanus‚
1651 907 1919 975 nomine
1951 909 2222 985 PetruS,
2257 906 2557 974 hahebat

424 1015 636 1083 filiam
676 1016 945 1084 nomine
1004 1016 1475 1094 Paduanam⁰‚
1518 1038 1697 1106 quae,
1749 1038 1956 1106 quum
2019 1025 2311 1105 quatuor
2371 1023 2558 1082 esset

426 1146 783 1202 annorum,
826 1122 1009 1191 omni
1048 1146 1333 1213 prorsus
1363 1122 1582 1190 officio
1620 1122 1867 1213 pedum
1912 1121 2268 1207 destituta,
2303 1121 2372 1189 in
2413 1143 2558 1188 mo-

425 1229 587 1297 dum
624 1229 992 1321 reptilium,
1035 1230 1350 1297 manibus
1394 1253 1642 1321 repens
1669 1228 1696 1272 ⁶
1734 1228 2116 1297 incedebat.
2167 1228 2501 1297 Dicebant
2529 1242 2556 1271 ⁶

425 1348 655 1405 autem
684 1338 867 1428 quia,
910 1337 1148 1405 morbo
1192 1337 1606 1428 epilepticod
1644 1336 1993 1415 laborans»,
2036 1336 2278 1404 cadere
2328 1348 2396 1404 et
2435 1360 2556 1403 vo-

424 1442 674 1511 lutari⁶
723 1468 905 1535 saepe
949 1455 1427 1512 consueverat.
1471 1446 1580 1514 37.
1627 1445 1850 1532 Quam
1890 1467 2094 1536 quum
2144 1453 2338 1535 pater
2377 1444 2552 1533 ejus,

422 1550 582 1618 dum
621 1550 843 1618 adbuc
878 1551 1146 1619 viveret
1176 1561 1457 1620 sanctus
1498 1551 1868 1629 Antoniu3‚
1910 1550 1983 1619 in
2019 1550 2321 1618 brachiis
2361 1551 2556 1642 baju-

419 1658 575 1725 lans
630 1656 875 1736 eidem,
940 1658 1049 1726 die
1102 1658 1445 1749 quadarn!
1465 1711 1481 1738 ‚
1525 1658 1657 1726 iter
1707 1657 1981 1726 facienti
2030 1682 2151 1750 per
2207 1658 2553 1725 civitatem

419 1765 800 1844 obviasset,
845 1766 1080 1856 rogari
1119 1766 1323 1856 coepit
1359 1776 1438 1834 ut
1477 1765 1632 1834 filiae
1674 1789 1816 1833 suae
1857 1765 2132 1857 signum
2164 1765 2386 1832 crucis
2427 1765 2555 1832 im-

418 1872 767 1963 primeret.
811 1875 919 1941 38.
968 1871 1187 1963 Cujus
1218 1872 1421 1940 fldem
1460 1883 1658 1962 pater
1688 1882 1970 1939 sanctus
2000 1871 2391 1952 attendens,
2434 1871 2553 1938 be-

420 1978 681 2047 nedixit
746 2003 896 2047 eam
954 2003 1033 2047 ac
1100 1979 1385 2048 dimisit.
1453 1982 1658 2047 Pater
1721 2003 1887 2047 vero
1952 1979 2219 2070 puellae,
2280 1978 2554 2046 domum

418 2110 787 2178 regressus
806 2100 868 2174 ὅ,
926 2098 1222 2156 erectam
1274 2088 1483 2156 filiam
1534 2110 1740 2179 super
1788 2086 1997 2179 pedes
2050 2111 2216 2155 suos
2263 2087 2548 2168 statuit3

418 2217 571 2284 quae
618 2218 775 2262 mox
797 2195 855 2272 h,
903 2205 1291 2263 sustentata
1331 2196 1657 2276 scabe110‚
1692 2195 1823 2263 huc
1872 2205 1939 2262 et
1976 2194 2133 2262 illuc
2180 2193 2279 2262 ire
2317 2194 2546 2284 coepit.

416 2305 529 2371 39.
573 2301 897 2370 Sublat0³
939 2312 1165 2371 autem
1206 2302 1477 2370 demum
1516 2326 1797 2371 scamno
1831 2302 1880 2383 1,
1917 2312 2114 2393 pater
2145 2301 2206 2369 ei
2238 2301 2551 2369 baculum

415 2408 724 2477 tradidit.
756 2412 913 2500 Ipsa
933 2432 1123 2489 vero,
1150 2433 1423 2502 semper
1446 2410 1837 2501 proficienS‚
1861 2409 2081 2478 eundo
2106 2419 2172 2478 et
2203 2408 2550 2477 redeundo

416 2539 539 2606 per
593 2515 1007 2584 domicilium
1053 2516 1338 2586 incessit
1360 2517 1417 2586 ἡ.
1471 2521 1581 2586 40.
1643 2520 1746 2585 lta
1799 2516 2114 2609 denique,
2165 2516 2551 2585 beatissimi

413 2623 699 2691 Antonii
740 2623 1029 2705 meritis,
1072 2624 1159 2692 ad
1198 2625 1472 2715 plenum
1513 2625 1862 2693 convaluit
1899 2636 1974 2692 ut
2015 2623 2235 2692 nullo¹
2274 2623 2549 2716 penitus

415 2731 886 2798 sustentaculo
923 2731 1160 2822 egeret
1183 2746 1255 2811 ¹⁷¹,
1300 2756 1447 2808 nec,
1492 2733 1578 2800 ab
1627 2755 1707 2800 eo
1746 2741 2052 2822 tempore
2092 2754 2226 2823 quo
2271 2731 2553 2822 signata

414 2848 548 2913 est,
589 2837 987 2928 passionem
1024 2839 1133 2906 vel
1174 2839 1522 2906 minimam
1554 2839 1774 2907 morbi
1827 2838 2065 2906 caduci
2117 2838 2544 2906 sustinuerit.

502 2947 613 3012 41.
652 2944 953 3012 Mulier¹²
986 2944 1319 3036 quaedam‚
1355 2946 1576 3014 Maria
1599 2945 1870 3013 nomine
1891 2960 1947 3027 ⁰,
1985 2968 2216 3036 quum,
2245 2956 2550 3035 tempore

414 3050 737 3141 quodam,
782 3074 993 3141 equas
1053 3051 1273 3142 patris
1323 3052 1428 3120 sui
1471 3062 1730 3131 secuta,
1789 3053 1985 3142 juxta
2027 3053 2330 3119 ssumenP
2370 3052 2550 3142 quod

422 3161 675 3225 Brenta
713 3157 986 3239 dicitur,
1021 3157 1170 3226 sola
1208 3159 1337 3226 sub
1371 3182 1537 3227 nuce
1568 3158 1862 3249 quadarn
1894 3158 2324 3226 consedisset
2354 3173 2409 3239 ⁹,
2446 3159 2550 3226 vir

416 3264 694 3355 quidam
752 3264 975 3356 niger,
1033 3265 1116 3333 de
1156 3266 1432 3333 flumine
1490 3266 1881 3357 egredienS,
1924 3277 2111 3333 recto
2149 3265 2421 3334 tramite
2463 3265 2548 3333 ad

416 3396 565 3439 eam
608 3371 799 3440 venit
844 3383 1453 3464 assumptamque'
1493 3373 1565 3440 in
1615 3372 1916 3442 brachiis
1970 3371 2057 3441 ad
2098 3397 2335 3441 nucem
2377 3373 2550 3442 alte-

417 3503 587 3557 ram,
622 3501 774 3569 quae
807 3503 842 3546 e
880 3478 1120 3548 viceno
1169 3490 1341 3561 erat,
1376 3480 1700 3572 portavit.
1759 3484 1869 3550 42.
1915 3482 2273 3572 Quumque
2315 3491 2549 3573 stupe-

465 3753 511 3784 a.
542 3740 649 3784 Alc.
669 3741 751 3786 ‘286
776 3740 1077 3786 pedianum.
1099 3764 1153 3775 —
1182 3742 1225 3787 ὅ.
1246 3742 1352 3788 Alc.
1378 3744 1458 3789 286
1486 3753 1532 3788 et
1559 3744 1673 3789 Luc.
1700 3755 1924 3799 serpens.
1945 3767 1998 3778 —
2027 3756 2069 3789 c.
2099 3745 2232 3790 Paris
2257 3743 2471 3790 dicebat.
2497 3768 2550 3779 -

411 3812 460 3855 d.
480 3812 587 3856 Alc.
607 3813 688 3857 286
708 3811 954 3867 epiletico.
986 3813 1118 3857 Paris
1140 3814 1422 3865 epilentico.
1449 3838 1502 3849 —-
1531 3829 1573 3860 e.
1603 3816 1721 3860 Luc.
1744 3829 1836 3861 om.
1862 3816 2095 3861 volutari.
2126 3819 2228 3861 Atc.
2255 3819 2334 3862 285
2367 3817 2548 3873 volup-

413 3884 526 3927 εει-ἱ.
557 3905 611 3916 -
636 3883 674 3939 s.
704 3883 819 3927 Luc.
844 3886 1083 3938 quodam.
1109 3907 1163 3918 —-
1190 3898 1238 3941 9.
1265 3886 1399 3930 Paris
1432 3899 1682 3932 reversus.
1706 3910 1761 3921 -
1790 3888 1839 3932 h.
1869 3888 2002 3932 Puris
2030 3901 2119 3932 om.
2148 3900 2279 3933 mox.
2305 3910 2357 3922 -
2382 3889 2413 3932 ι’.
2443 3890 2547 3933 Alc.

413 3956 493 4000 286
526 3954 750 4000 sabbato.
783 3956 891 4011 ‘’1'·
924 3955 1057 4000 Pan-ts
1085 3957 1317 4001 scabello.
1338 3979 1390 3992 -
1428 3959 1474 4002 h.
1506 3959 1637 4003 Dans
1676 3971 1759 4003 son
1789 3959 1917 4013 tecit,
1942 3962 1985 4003 le
2012 3969 2132 4004 texte
2161 3961 2395 4003 d'Ancone
2430 3971 2549 4004 omet

414 4026 483 4070 les
511 4026 703 4070 details:
736 4037 848 4081 quae
884 4039 1016 4079 mox,
1058 4031 1339 4073 sustentata
1379 4031 1614 4079 scabello.
1658 4033 1759 4076 huc
1792 4034 1839 4075 et
1875 4031 1986 4075 illut
2023 4031 2095 4075 ire
2136 4032 2296 4086 caepit.
2344 4032 2549 4077 Sublato

414 4101 580 4141 autem
611 4097 821 4142 demum
849 4109 1073 4151 scamno,
1104 4102 1249 4154 pater
1276 4100 1321 4144 ci
1353 4101 1592 4146 baculum
1622 4101 1847 4147 tradidit.
1887 4103 2006 4158 Ipsa
2037 4115 2168 4153 vero,
2198 4114 2399 4158 semper
2425 4116 2547 4159 pro-

414 4169 606 4222 ficiens,
636 4169 803 4213 eundo
832 4172 879 4213 et
901 4170 1156 4215 redeundo
1182 4182 1276 4226 per
1302 4172 1624 4217 domicilium
1655 4172 1877 4217 incessit.
1899 4196 1952 4209 —
1976 4173 2007 4216 1.
2036 4174 2140 4218 Alc.
2171 4176 2250 4219 ‘28ss
2281 4174 2464 4219 nullus.
2494 4195 2548 4207 —-

414 4250 485 4283 m.
515 4239 649 4291 Luc..
682 4240 793 4286 Pad.
816 4244 971 4296 cacat.
998 4260 1052 4276 —
1082 4253 1133 4287 n.
1169 4241 1282 4286 Luc.
1310 4243 1544 4299 Siynum.
1579 4245 1779 4290 Mulier.
1828 4268 1881 4278 —
1908 4258 1951 4289 ο.
1983 4245 2095 4290 Luc.
2125 4258 2216 4291 om.
2245 4245 2464 4291 nomine.
2493 4267 2547 4278 —

410 4323 468 4367 p.
487 4306 590 4356 Alc.
609 4311 689 4359 286
711 4313 947 4368 nuvium.
967 4335 1021 4346 —
1041 4324 1088 4369 q.
1114 4313 1247 4358 Paris
1265 4315 1493 4362 sedisset.
1512 4337 1569 4349 -—
1595 4328 1636 4359 r.
1658 4315 1775 4361 Luc.
1797 4320 2158 4373 assumptaque
2185 4330 2259 4362 ea.
