3109 4950
861 453 1238 498 ADDITIONS
1279 453 1368 499 Du
1412 454 1530 499 MS.
1578 454 1664 499 DE
1706 452 2023 499 LUCERNE
2379 433 2507 500 119

1178 837 1532 897 Addition
1560 840 1634 897 11
1674 835 1718 895 ¹.

470 1114 531 1178 1.
566 1113 903 1201 Tempore
945 1113 1278 1202 namque-‘²
1314 1135 1448 1202 quo
1478 1111 1725 1179 beatus
1759 1110 2099 1179 Antonius
2139 1110 2207 1177 in
2241 1113 2511 1178 Monte-

380 1217 752 1306 pessulano
808 1217 1084 1308 legebat
1107 1221 1157 1296 ³,
1217 1218 1509 1309 contigit
1566 1241 1717 1284 eum
1766 1217 2141 1308 praedicare
2190 1216 2400 1285 semel
2437 1216 2509 1285 in

380 1323 675 1416 quodam
741 1324 917 1393 festo
983 1324 1289 1408 solemni,
1350 1324 1468 1392 ubi
1525 1324 1748 1392 clerus
1809 1335 1878 1392 et
1930 1323 2224 1415 populus
2270 1324 2510 1392 aderat

378 1432 772 1500 universus.
816 1435 881 1499 2.
920 1430 1245 1499 Inchoato
1273 1455 1439 1499 vero
1479 1455 1817 1510 sermone,
1852 1431 2148 1499 occurrit
2168 1430 2508 1499 memoria)

379 1538 761 1629 injunctum
801 1538 933 1605 sibi
972 1538 1311 1629 quoddam
1348 1539 1641 1607 officium
1681 1538 1879 1607 alteri
1918 1538 2192 1606 minime
2233 1538 2510 1606 commi-

381 1646 585 1713 sisse.
642 1649 709 1714 3.
756 1648 1011 1735 Nempe
1058 1669 1208 1713 mos
1264 1656 1415 1714 erat
1468 1644 1743 1724 ibidem,
1790 1646 1861 1713 in
1912 1645 2277 1736 praecipuis
2318 1644 2511 1713 sesti-

378 1752 738 1832 vitatibu5‚
799 1750 971 1819 duos
1038 1751 1351 1843 insignes
1417 1752 1668 1821 fratres
1729 1752 1798 1819 in
1854 1752 2070 1820 missa
2130 1762 2509 1821 conventus

383 1858 653 1928 alleluia
681 1870 958 1928 cantare
976 1843 1322 1949 {tuncque
1352 1859 1603 1927 famulo
1628 1859 1751 1928 Dei
1785 1860 1909 1927 hoc
1937 1859 2226 1927 officium
2256 1858 2508 1927 incum-

381 1965 610 2034 bebat.

471 2076 534 2150 [ι.
581 2075 734 2162 Quo
775 2072 1054 2140 nimium
1093 2097 1175 2141 ex
1214 2071 1340 2141 hoe
1379 2073 1674 2152 dolente,
1710 2097 1943 2166 seque,
1979 2073 2177 2165 quasi
2215 2072 2509 2141 dormire

382 2179 611 2254 vellet.
646 2204 854 2271 super
880 2179 1215 2271 pulpitum
1244 2179 1638 2260 inclinante,
1673 2192 2010 2273 caputque
2049 2204 2199 2249 eum
2229 2181 2511 2272 capucio

385 2287 742 2355 confestim
780 2286 1150 2377 operiente,
1183 2287 1333 2377 ipse
1371 2287 1481 2354 vir
1520 2288 1646 2355 Dei
1687 2287 1922 2356 eadem
1964 2287 2130 2356 hora
2168 2286 2364 2355 visus
2403 2299 2511 2357 est

385 2394 453 2461 in
499 2394 708 2462 choro
752 2394 1065 2472 fratrum,
1121 2393 1191 2462 i'n
1242 2394 1872 2486 Montepessulano,
1917 2394 2187 2463 alleluia
2234 2404 2509 2464 cantare

384 2526 533 2569 eum
571 2502 688 2570 illo
728 2502 937 2570 fratre
968 2501 1083 2593 qui
1112 2512 1273 2570 tune
1312 2513 1588 2570 cantare
1627 2502 1862 2571 debuit
1889 2526 2040 2571 cum
2080 2526 2184 2583 eo,
2228 2527 2509 2594 corpore

384 2609 451 2676 in
480 2607 771 2700 pulpito,
805 2632 928 2700 per
954 2608 1236 2701 longum
1273 2609 1405 2676 viae
1438 2609 1760 2700 spatium,
1795 2633 2023 2677 coram
2060 2620 2255 2677 tanta
2285 2609 2512 2678 multi-

386 2716 617 2784 tudine
654 2716 1094 2807 persistente.

470 2828 532 2892 5.
600 2822 784 2891 Nulli
839 2821 1119 2891 dubium
1162 2822 1368 2914 quod,
1413 2823 1592 2891 sicut
1636 2826 1821 2891 Deus
1869 2823 2299 2914 omnipotens
2352 2822 2512 2891 doe·

385 2940 600 2998 torem
641 2953 912 2997 sacrum
952 2930 1227 2998 beatum
1278 2929 1718 2998 Ambrosium
1756 2930 2087 3021 obsequio
2137 2931 2513 2998 transferre

384 3038 601 3105 voluit
658 3036 844 3104 beati
902 3037 1229 3105 Martini‘·
1286 3047 1353 3105 et
1409 3037 1683 3105 beatum
1739 3048 2004 3128 patrem
2075 3039 2512 3106 Franciseurn

388 3143 734 3212 Arelatem
760 3143 1033 3211 devexit
1061 3143 1130 3210 in
1160 3144 1457 3235 capitulo
1486 3143 1913 3235 provinciali,
1944 3144 2104 3212 dum
2134 3144 2241 3212 hic
2272 3145 2511 3236 praedi·

387 3261 572 3319 caret
619 3261 904 3319 sanctus
946 3250 1195 3318 ibidem
1235 3251 1318 3318 de
1371 3251 1569 3319 titulo
1625 3251 1847 3319 erucis
1898 3250 2292 3342 triumphali
2317 3254 2366 3332 5,
2415 3252 2514 3319 sic

446 3497 491 3544 1.
540 3492 699 3544 Cette
748 3492 1038 3543 deuxieme
1086 3492 1334 3544 addition
1370 3495 1455 3544 est
1490 3493 1699 3557 placee,
1730 3492 1871 3543 dans
1912 3492 1965 3543 le
2007 3492 2107 3543 Me.
2141 3491 2516 3556 de·Lucerne‚

388 3576 551 3639 apres
579 3574 632 3624 le
663 3572 933 3638 prologue
962 3572 1035 3623 du
1067 3575 1268 3624 recueil
1294 3573 1392 3623 des
1423 3574 1678 3624 miracles
1713 3574 2055 3639 posthumeS.

444 3658 491 3705 2.
524 3653 603 3705 Ce
636 3657 750 3704 mot
781 3667 1016 3718 namque
1047 3654 1236 3705 n’oss're
1265 3668 1445 3704 aucun
1486 3657 1717 3718 rapport
1759 3654 1982 3719 logique
2011 3666 2146 3704 avec
2172 3667 2234 3705 ce
2263 3654 2358 3719 qui
2389 3657 2516 3719 pre·-

389 3734 519 3785 eede
548 3733 691 3784 dans
721 3735 773 3785 le
800 3748 900 3784 ms.

446 3819 491 3864 3.
520 3814 657 3865 Cela
690 3828 756 3865 ne
788 3818 919 3879 peut
950 3813 1278 3876 s’eniendre‚
1315 3828 1423 3864 non
1468 3814 1596 3877 plus
1624 3828 1730 3878 que
1775 3827 1914 3878 pour
1946 3814 2209 3877 Bologne‚
2252 3828 2359 3879 que
2392 3815 2517 3865 d'un

388 3897 799 3958 enseignement
837 3896 1016 3945 touta
1049 3895 1147 3945 ran
1180 3896 1351 3959 prive,
1396 3893 1538 3944 dans
1581 3894 1881 3944 l'interieur
1923 3894 1995 3944 du
2046 3898 2297 3945 convent.
2336 3895 2521 3945 L’uni-

390 3976 588 4025 versite
614 3974 686 4025 de
708 3974 1060 4039 Montpeiiier
1085 3976 1230 4024 n'eut
1259 3974 1326 4025 de
1358 3974 1556 4024 saeuite
1583 3973 1651 4024 de
1683 3974 1958 4036 theologie
1985 3975 2147 4038 qu'en
2172 3977 2311 4025 1421.
2340 4002 2402 4011 —
2433 3976 2518 4025 Cf.

394 4054 657 4113 Leman,
690 4054 776 4105 ch.
810 4056 877 4104 V.

454 4140 497 4184 [ι.
529 4135 834 4187 ὓιιέῦοῐῃε
870 4148 939 4185 οε
972 4135 1182 4196 Toum,
1211 4135 1290 4185 De
1319 4135 1607 4186 miraculis
1632 4134 1816 4185 sancti
1843 4134 2094 4196 Martini,
2121 4135 2217 4187 lib.
2249 4136 2292 4197 I,
2326 4149 2428 4200 cap
2452 4136 2520 4197 V,

397 4228 481 4278 ap.
510 4215 665 4266 Patr.
697 4216 818 4275 lac„
844 4218 884 4265 t.
914 4215 1105 4275 LXXI,
1137 4216 1241 4265 col.
1268 4217 1377 4265 918.

457 4300 502 4346 5.
530 4295 719 4346 Tuom.
755 4308 825 4346 ns
865 4295 1118 4356 CBLANO,
1161 4294 1281 4346 Vita
1300 4296 1505 4362 prima,
1536 4298 1680 4359 part.
1712 4295 1755 4356 1,
1788 4309 1912 4359 cap.
1943 4296 2141 4346 XVIII.
