3109 4950
863 478 923 524 s,
976 474 1262 525 Awroml
1312 477 1637 526 Lectum
1685 476 1929 540 rmus,
1986 461 2068 528 16
2442 460 2529 527 53

1069 1292 1295 1355 ΙΙΙΒΙΡΙῘ
1335 1292 1492 1355 rins
1521 1291 1802 1357 SECUNDA
1823 1300 1852 1332 ἃ

1165 1810 1278 1869 16.
1328 1809 1764 1885 [Prologus]

487 2131 546 2195 1.
597 2129 671 2194 ln
713 2125 1051 2217 superiori
1089 2135 1430 2194 tractatus
1461 2126 1682 2194 nostri
1713 2126 2066 2217 opusculo,
2093 2127 2273 2219 quod
2301 2128 2528 2219 gratia

394 2244 463 2301 et
498 2234 757 2301 virtute
796 2232 1137 2301 Altissimi
1177 2232 1266 2300 ad
1303 2233 1506 2300 finem
1559 2233 1825 2323 usque⁶
1864 2235 2209 2325 prosecuti
2260 2258 2525 2320 sumus,

392 2342 609 2408 vitam
639 2351 708 2408 et
736 2349 932 2408 actus
948 2338 1332 2408 beatissimi
1349 2339 1569 2431 patris
1594 2363 1673 2408 ac
1692 2341 1927 2408 fratris
1955 2341 2171 2409 nostri
2194 2354 2221 2385 ⁶
2247 2342 2527 2410 Antonii

398 2447 635 2515 humili
682 2445 1069 2527 devotione,
1106 2445 1229 2515 sed
1281 2446 1540 2538 praevia
1591 2447 1910 2530 veritate,
1962 2448 2522 2540 conscripsimus,

397 2560 463 2623 2.
499 2555 677 2624 Mira
715 2578 883 2622 vero
922 2578 1072 2645 quae
1104 2554 1284 2623 circa
1324 2578 1477 2622 eum
1506 2565 1577 2623 et
1613 2579 1735 2646 per
1765 2579 1918 2623 eum
1951 2556 2191 2623 Deusd
2213 2557 2527 2647 majesta·

394 2663 489 2730 tis
527 2661 797 2753 operari
828 2661 1158 2752 dignatus
1189 2672 1297 2730 est
1321 2675 1374 2743 ⁶,
1417 2685 1459 2729 a
1501 2661 1611 2730 die
1650 2661 1878 2730 obitus
1919 2662 2024 2742 sui
2066 2672 2135 2731 et
2173 2662 2523 2755 deinceps,

395 2770 698 2836 virorum
717 2767 914 2836 nobis
940 2767 1071 2836 fide
1093 2768 1457 2860 dignorum
1475 2769 1869 2838 narratione
1888 2770 2104 2838 relata
2126 2770 2192 2851 s,
2215 2772 2528 2861 sequenti

403 2876 733 2967 opusculo
771 2874 1087 2943 duximus
1126 2875 1519 2945 inserenda.

489 2988 555 3053 3.
598 2988 883 3063 Verum,
943 2984 1103 3074 quia
1161 3007 1296 3051 non
1335 2983 1564 3052 omnia
1616 2983 1792 3051 scire
1842 2984 2189 3075 potuimus
2210 2999 2271 3065 ὅ,
2320 3009 2398 3053 ac
2447 3010 2531 3053 ne

397 3090 817 3182 legentibus,
884 3090 971 3158 ob
1037 3089 1592 3159 multitudinem‘z
1650 3090 2129 3160 miraculorum
2151 3092 2193 3174 ἱ,
2256 3093 2531 3182 legendi

401 3197 797 3266 fastidium?
832 3198 1284 3288 praebeamus,
1321 3221 1400 3265 ea
1439 3197 1587 3265 sola
1612 3221 1763 3288 quae
1795 3198 2185 3266 necessaria
2207 3198 2237 3242 '³
2266 3199 2490 3289 magis
2513 3202 2535 3243 l

401 3314 768 3373 occurrunt
806 3315 1136 3371 annotare
1166 3304 1635 3395 proponimu5‚
1669 3314 1745 3372 ut
1784 3304 2033 3372 habeat
2061 3305 2334 3373 devotio
2374 3305 2530 3373 fide·

398 3413 565 3481 lium
605 3411 855 3503 quibus
876 3425 924 3453 '²²
955 3433 1030 3478 se
1068 3410 1322 3478 divinis
1379 3421 1664 3502 occupet
1719 3411 2037 3479 laudibus
2089 3421 2157 3479 et
2215 3413 2331 3503 qui
2378 3412 2532 3502 plus

401 3520 627 3587 dicere
665 3517 754 3586 ad
795 3516 954 3585 fidei
992 3517 1566 3586 aediflcationemn
1597 3518 1880 3610 cupiunt
1911 3542 2179 3610 semper
2225 3519 2534 3587 invenire

404 3636 690 3718 possent
731 3624 912 3715 quod
944 3624 1222 3693 addant.

454 3864 501 3894 a.
528 3850 634 3894 Alc.
666 3850 749 3894 293
779 3848 968 3904 Incipit
1000 3859 1123 3904 pars
1159 3848 1383 3893 secunda
1423 3860 1519 3904 pro
1561 3847 1826 3893 miracula.
1869 3849 2002 3893 Paris
2037 3848 2279 3904 Sequitur
2314 3853 2536 3895 secunda

401 3933 519 3978 pars
544 3921 777 3977 leyendae.
799 3941 851 3953 -
873 3919 919 3964 b.
954 3917 1067 3964 Luc.
1100 3919 1361 3973 hucusque
1380 3919 1430 3962 in
1452 3921 1623 3973 tinem.
1649 3944 1703 3955 —
1728 3933 1775 3964 c.
1813 3919 1923 3964 Pad.
1946 3933 2036 3964 om.
2061 3921 2237 3965 nostri.
2270 3943 2323 3955 —
2340 3923 2389 3966 (1.
2420 3922 2532 3965 Luc.

412 3993 673 4037 Dominus.
705 4014 758 4025 -
794 4005 837 4036 c.
876 3990 1009 4035 Puris
1043 3993 1278 4046 operatus
1311 3993 1400 4035 est,
1425 4012 1475 4023 —
1498 3991 1535 4046 s.
1561 3992 1666 4036 Alc.
1692 3993 1771 4036 ‘2815
1794 3992 1961 4035 etAic.
1991 3993 2070 4036 ‘203
2093 3993 2331 4036 relatione
2366 3994 2537 4037 relata.

406 4064 535 4108 Paris
562 4068 791 4108 narrata.
812 4085 862 4096 —
886 4075 934 4116 (J.
960 4061 1092 4105 Paris
1112 4062 1231 4116 quia
1250 4063 1421 4106 omnia
1443 4063 1664 4107 scribere
1687 4075 1783 4106 non
1811 4063 2092 4118 potuimus.
2113 4087 2163 4097 —
2189 4065 2236 4108 h.
2267 4063 2400 4118 Luc„
2426 4064 2536 4108 Pad.

406 4137 735 4180 numicialern.
772 4157 829 4169 —
870 4134 901 4178 i.
948 4133 1082 4176 Paris
1116 4134 1481 4179 miraculorum
1522 4134 1917 4178 multitudinem.
1956 4157 2008 4168 —
2044 4135 2084 4188 j.
2129 4135 2243 4179 Luc.
2271 4136 2538 4190 fastidium

404 4207 689 4262 tenendi.—
726 4206 774 4250 k.
809 4206 916 4249 Alc.
951 4205 1048 4257 ⁸286,
1072 4204 1204 4258 Luc.‚
1236 4205 1366 4258 Pau„
1404 4204 1537 4250 Paris
1573 4205 1871 4250 necessario.
1911 4228 1964 4240 —
2001 4206 2032 4250 Ι.
2072 4205 2202 4249 Puris
2236 4219 2325 4250 om.
2363 4208 2540 4260 inanis.

408 4298 460 4311 -
489 4289 555 4322 m.
577 4278 698 4323 Luc.
719 4278 901 4322 habeat
933 4276 983 4318 in
1019 4275 1113 4319 hac
1146 4276 1343 4322 devotio
1381 4277 1606 4332 fidelium
1646 4276 1965 4331 quibuslibe-i.
1995 4300 2049 4311 —
2087 4291 2133 4321 n.
2159 4277 2292 4320 Puris
2320 4290 2542 4334 occupa·-

405 4348 549 4394 tione.
