3109 4950
891 459 951 506 s,
1005 458 1294 506 Astomi
1343 458 1668 506 Lucano».
1719 458 1961 521 rmus,
2014 440 2053 508 7
2457 439 2544 508 37

491 602 561 669 8.
605 599 877 690 Adepto
918 598 1208 689 denique
1247 598 1498 690 quietis
1536 598 1710 677 loco,
1763 599 1988 666 soluto
2036 598 2336 689 quotidie
2375 598 2545 667 hora

402 705 792 775 matutinali
832 705 1130 796 capitulo
1160 719 1219 785 ¹²,
1266 729 1511 773 servus
1555 706 1679 773 Dei
1723 706 2062 774 Antonius
2089 705 2115 749 ὅ
2167 705 2254 774 ad
2293 705 2546 774 dictam

405 813 645 881 cellam
667 813 985 899 secessit,
1016 824 1507 904 assumptaque
1530 812 1794 880 modica
1811 812 2012 904 panis
2033 813 2466 904 portiuncula
2488 826 2541 893 ⁶,

400 944 534 988 vas
576 944 772 1011 aquae
826 942 1059 987 secum
1096 919 1252 987 tulit
1281 919 1339 987 d.
1397 922 1462 988 9.
1509 919 1756 1010 Sicque
1810 942 2081 987 carnem
2123 918 2385 988 servire
2433 943 2547 988 co-

407 1051 586 1119 gens
617 1040 643 1070 θ
682 1026 982 1118 spiritui,
1028 1025 1408 1094 solitariam
1446 1026 1794 1118 transegit
1832 1026 2036 1104 diem,
2076 1027 2274 1118 juxta
2313 1037 2543 1095 tamen

408 1158 627 1203 sacrae
664 1134 1173 1203 observationis
1217 1143 1477 1202 statuta
1520 1131 1968 1202 collationiss
2005 1157 2275 1225 semper
2314 1157 2547 1203 rever·

406 1242 686 1311 tebatur
714 1241 801 1310 ad
840 1242 1104 1309 horam.

506 1352 608 1418 10.
654 1351 805 1416 Non
835 1348 1045 1417 semel
1075 1359 1363 1417 autem8
1401 1371 1634 1439 quum,
1678 1358 1966 1416 vocante
2006 1370 2157 1415 eum
2184 1371 2541 1439 campana,

407 1455 497 1524 ad
542 1455 792 1523 fratres
831 1455 1054 1523 redire
1086 1454 1506 1546 disponeret,
1550 1454 1982 1523 consectum*
2029 1453 2331 1546 vigiliisi
2396 1478 2547 1523 cor-

408 1587 542 1654 pus
585 1573 654 1631 et
690 1561 1107 1630 abstinentia
1159 1571 1578 1630 maceratum
1627 1561 1953 1630 nutantes
2009 1562 2309 1654 vestigio
2359 1562 2547 1631 labe·

409 1670 593 1738 sacta
632 1668 935 1736 membra
978 1669 1456 1761 praecipitabat
1482 1669 1536 1736 ἢ.
1587 1672 1692 1737 11.
1742 1671 1846 1736 lta
1884 1668 2152 1737 demum
2201 1669 2546 1737 maxillam

407 1776 640 1846 carnis
667 1775 1101 1844 abstinentiae
1124 1776 1313 1844 freno
1338 1775 1747 1867 quandoque
1779 1775 2282 1844 constrinxerat
2310 1787 2386 1844 ut
2413 1800 2546 1844 non

404 1883 546 1951 nisi
588 1907 630 1951 a
673 1883 1000 1951 fratribus
1045 1893 1518 1974 supportatus,
1564 1882 1715 1974 ipso
1762 1892 1941 1951 teste
1972 1882 2089 1974 qui
2127 1883 2348 1963 affuit,
2381 1884 2546 1952 ulla·

405 1990 653 2059 tenus1
707 1989 930 2058 redire
960 1990 1418 2081 potuissetffl.

459 2211 507 2243 a.
531 2197 670 2242 Paris
707 2198 873 2243 soluto
909 2197 1135 2253 quotidie
1168 2196 1464 2243 matutinali
1509 2197 1837 2253 officia—b.
1875 2197 2010 2242 Parta
2046 2210 2136 2243 om.
2176 2198 2450 2243 Antonius.
2492 2221 2546 2233 -

405 2282 451 2313 c.
494 2269 631 2313 Paris
661 2268 934 2324 particula.
958 2291 1010 2303 —
1041 2269 1090 2313 d.
1123 2269 1259 2313 Paris
1287 2269 1483 2314 detulit.
1507 2291 1564 2303 —
1590 2269 1661 2314 Le
1690 2281 1777 2314 ms.
1809 2269 1921 2315 Pad.
1951 2270 2004 2315 74
2032 2269 2268 2326 supprime
2300 2270 2345 2313 la
2383 2271 2548 2324 phrase

405 2341 609 2397 Adepto
633 2341 902 2395 denique...
923 2350 1099 2385 secum
1129 2340 1242 2386 tulit
1266 2350 1312 2384 et
1336 2353 1362 2395 y
1381 2341 1611 2385 substitue
1645 2341 1688 2384 ln
1719 2342 1891 2395 longue
1925 2340 2244 2397 interpolation
2273 2353 2361 2396 que
2396 2342 2515 2385 volet
2539 2357 2548 2384 :

406 2413 565 2464 Nam,
594 2412 710 2457 licet
737 2412 982 2457 orationis
1011 2414 1057 2456 et
1085 2411 1365 2458 devotionis
1393 2411 1557 2467 qratia
1584 2413 1648 2457 ad
1672 2412 1852 2456 cellam
1887 2412 2030 2456 illam
2064 2412 2289 2468 quotidie
2318 2416 2548 2469 pcr9eret

406 2489 453 2531 et
475 2488 721 2538 maneret,
744 2484 895 2541 panis
916 2484 1299 2541 portiunculam
1319 2488 1405 2529 aut
1425 2496 1515 2529 vas
1539 2496 1680 2540 aquae
1707 2496 1882 2529 secum
1897 2484 2111 2530 minime
2130 2485 2416 2541 deserebat,·
2440 2487 2548 2539 sed,

404 2569 530 2603 mox
567 2556 742 2602 audita
785 2556 1117 2612 campanella,
1158 2557 1282 2601 hora
1313 2556 1610 2601 comedendi
1637 2556 1968 2601 descendebat
2007 2560 2052 2601 et
2090 2556 2246 2601 simul
2284 2569 2402 2602 cum
2432 2557 2549 2602 aliis

402 2629 772 2674 discumbebat.
802 2629 1016 2680 Interea,
1035 2639 1195 2682 quum
1220 2627 1453 2672 notitiam
1472 2629 1578 2672 tam
1602 2627 1876 2683 quardiani
1891 2639 2047 2683 quam
2077 2627 2297 2673 aliorum
2326 2627 2548 2683 fratrum

404 2713 468 2745 ex
490 2700 695 2744 modica
724 2699 967 2756 temporis
996 2699 1376 2744 conversatione
1404 2698 1776 2754 aliquantulam
1805 2699 2078 2752 habuisset,
2094 2711 2254 2755 quum
2283 2700 2410 2745 alios
2438 2699 2548 2755 sra-

407 2777 509 2816 tres
526 2774 713 2828 praeter
738 2770 986 2815 orationis
1013 2770 1245 2815 studium
1268 2770 1459 2816 videret
1491 2771 1750 2815 interdum
1779 2771 1994 2816 diuersis
2022 2770 2327 2816 utilitatibus
2356 2775 2401 2816 et
2431 2772 2548 2828 osti-

408 2843 505 2887 ciis
539 2853 805 2898 occupare,
837 2842 988 2898 coepit
1018 2842 1153 2886 intra
1185 2853 1239 2886 se
1275 2841 1467 2886 amaris
1496 2842 1717 2899 cogitare
1761 2842 2085 2899 sinquuibus,
2115 2843 2252 2888 velut
2289 2842 2548 2888 hominem

409 2914 645 2959 inutilem
679 2917 724 2957 et
745 2925 881 2969 pane
909 2925 1007 2968 quo
1029 2913 1325 2958 vescebatur
1344 2913 1615 2970 indiynum
1638 2925 1693 2958 se
1719 2916 1977 2970 reputans,
2009 2916 2182 2969 utpote
2210 2914 2298 2969 qui
2328 2914 2548 2959 aliorum

408 2985 685 3043 recipiebat
723 2984 964 3041 obsequia
999 2990 1047 3029 et
1088 2985 1220 3030 nihil
1265 2985 1554 3030 communis
1592 2985 1831 3030 utilitatis
1867 2985 2036 3041 facere
2065 2986 2348 3039 videbatur,
2380 2989 2436 3030 ut
2472 2987 2547 3031 sic

405 3059 677 3114 appareret
700 3057 837 3111 quod
857 3068 957 3101 non
982 3056 1199 3101 venisset
1227 3056 1523 3100 ministrare
1544 3057 1634 3101 sed
1659 3057 1830 3114 potius
1851 3056 2154 3102 ministrari.
2177 3058 2253 3102 Ex
2274 3059 2368 3102 hoc
2394 3058 2550 3113 iqitur

406 3127 623 3173 humilis
648 3128 839 3173 Christi
857 3139 1052 3180 servus,
1072 3127 1289 3172 humilia
1308 3139 1537 3183 quaerens
1561 3129 1816 3183 obsequia,
1841 3129 1907 3173 ad
1926 3129 2271 3185 quardianum
2285 3141 2438 3174 suum
2460 3130 2548 3174 hu-

410 3201 553 3246 milis
575 3202 621 3244 et
640 3200 860 3256 supplex
883 3200 1108 3253 accessit,
1131 3211 1190 3244 ac
1218 3200 1365 3255 flexis
1384 3199 1594 3255 qenibus
1611 3200 1844 3256 poposcit
1871 3203 1927 3245 ut
1946 3201 2282 3246 lavandarum
2306 3202 2546 3246 scutella-

408 3285 527 3320 rum
554 3276 705 3327 atque
734 3273 1017 3328 purqandae
1039 3283 1130 3316 seu
1157 3271 1422 3327 scopendae
1451 3273 1636 3315 domus
1673 3271 1770 3316 sibi
1801 3272 1972 3327 officia
2011 3272 2250 3318 tribueret
2284 3274 2347 3318 de
2383 3274 2546 3328 qratia

406 3344 639 3401 speciali.
677 3343 775 3398 Qui
805 3354 965 3398 quum
1005 3343 1317 3395 obtinuisset,
1345 3342 1478 3387 mira
1519 3343 1783 3388 devotione
1816 3355 1875 3388 ac
1908 3345 2087 3389 devota
2117 3344 2460 3389 sollicitudine
2495 3344 2547 3389 id

401 3416 600 3473 juyiter
617 3414 849 3470 faciebat,
864 3415 1038 3469 sicque
1063 3415 1297 3458 laborans
1317 3425 1505 3471 panem
1527 3425 1680 3458 suum
1703 3426 1818 3458 cum
1841 3414 2040 3459 meliori
2068 3415 2379 3460 conscientia
2398 3427 2548 3459 man-

408 3487 663 3540 ducabat;
691 3497 895 3542 semper
919 3489 1102 3538 tamen,
1130 3485 1351 3541 peractis
1384 3485 1655 3541 diliyenter
1689 3485 1889 3541 officiis,
1922 3486 1988 3530 ad
2017 3485 2196 3530 cellam
2225 3498 2375 3531 suam
2404 3490 2450 3531 ct
2483 3487 2548 3530 ad

408 3557 855 3614 contemplationis
878 3557 1109 3601 studium
1136 3556 1405 3600 remeabat.
1431 3578 1488 3591 —
1514 3568 1556 3600 e.
1588 3556 1694 3601 Alc.
1715 3558 1796 3602 286
1814 3569 1982 3613 αῃεηε.
2005 3557 2141 3600 Paris
2164 3570 2344 3613 c09ens
2358 3557 2549 3602 servire

408 3652 462 3662 —
495 3631 532 3685 Ῑ.
568 3631 672 3674 Alc.
698 3628 781 3673 286
809 3639 854 3671 οι
883 3629 988 3673 Alc.
1024 3629 1103 3673 293
1138 3640 1229 3672 om.
1264 3626 1565 3673 collationis.
1585 3650 1638 3660 —
1657 3640 1703 3683 9.
1731 3628 1835 3672 Alc.
1860 3629 1956 3680 286,
1987 3629 2091 3672 Alc.
2121 3630 2219 3682 293,
2250 3628 2382 3682 Ριᾱ.,
2416 3629 2551 3673 Paris

408 3713 531 3746 nam
570 3700 728 3745 semel
755 3700 835 3756 qui
876 3709 949 3743 est
976 3698 1150 3744 errone.
1183 3722 1236 3732 —
1274 3701 1319 3744 Ιι.
1359 3699 1467 3744 Alc.
1513 3700 1594 3744 286
1628 3701 1882 3756 affectum.
1916 3722 1970 3732 -
2005 3700 2037 3745 i.
2074 3700 2208 3744 Paris
2233 3699 2464 3756 jejuniis.
2496 3725 2549 3735 —

399 3773 444 3829 j.
466 3773 575 3817 Alc.
595 3773 677 3819 286
698 3771 955 3816 imicante.
980 3792 1035 3805 -
1051 3770 1097 3815 k.
1120 3770 1252 3815 Paris
1271 3770 1625 3828 praecipitauit.
1644 3794 1697 3804 -
1717 3773 1749 3817 l.
1773 3771 1908 3816 Paris
1932 3772 2239 3818 nullatenus.
2257 3796 2310 3807 —
2325 3785 2395 3819 m.
2417 3773 2552 3818 Paris

404 3847 596 3901 posset.

408 4002 509 4038 son
556 3987 766 4038 edition
815 3987 888 4038 du
939 3989 1250 4052 Speculum,
1296 4002 1352 4052 p.
1399 3993 1477 4048 25,
1528 3989 1657 4038 note
1708 3992 1750 4048 1,
1798 4001 1893 4038 sur
1939 3988 2019 4039 les
2068 3989 2550 4041 transformations

409 4068 755 4119 successives
786 4070 839 4117 et
869 4068 950 4118 les
972 4068 1221 4118 diverses
1242 4069 1549 4130 categories
1576 4068 1672 4118 des
1694 4068 2141 4120 etabtissements
2169 4071 2548 4132 franciscanus,

409 4147 614 4199 durant
641 4149 696 4199 la
727 4148 1000 4212 premiere
1032 4149 1216 4198 moitie
1244 4148 1318 4198 du
1344 4149 1496 4198 xl11⁰
1521 4148 1706 4199 siecle.

473 4232 519 4279 1.
558 4229 669 4280 Sur
696 4229 747 4278 le
778 4241 947 4290 genre
978 4227 1047 4279 de
1075 4230 1162 4278 vie
1191 4229 1523 4293 qu’Antoine
1553 4231 1759 4280 menait
1792 4229 1931 4280 dans
1961 4244 2026 4280 sa
2063 4235 2241 4293 grotte
2271 4231 2339 4282 de
2366 4233 2549 4284 Monte

413 4309 604 4372 Paolo‚
646 4310 699 4360 le
736 4309 837 4359 ΜΒ.
872 4307 1013 4360 Pad.
1059 4312 1135 4370 74,
1174 4321 1277 4373 par
1309 4308 1588 4374 plusieurs
1623 4310 2063 4375 interpolationS,
2101 4312 2382 4374 introduit,
2414 4326 2484 4363 on
2515 4327 2548 4364 a
