3109 4950
538 421 667 490 138
1080 440 1141 489 S.
1193 441 1484 488 AuroNn
1530 442 1854 489 mosi-zm
1902 443 2118 490 pano.

531 580 955 660 redderetur,
1003 604 1211 648 orans
1265 581 1639 651 instantius
1694 607 1842 651 cum
1901 582 2243 673 aliquibus
2301 583 2660 666 fratribuS,

531 688 645 780 qui
687 711 866 764 eum,
906 698 1112 777 prout
1150 697 1490 779 poterant,
1540 689 1858 779 precibus
1898 688 2342 780 adjuvabant,
2387 691 2456 757 in
2488 716 2668 782 pree-

530 796 751 865 sentia
792 796 984 864 multi
1042 796 1297 887 populi,
1361 798 1474 888 qui
1536 797 1884 871 adstabat,
1946 807 2090 866 tum
2160 798 2422 866 ratione
2478 799 2662 880 sesti,

529 913 673 970 tum
711 903 975 971 ratione
1016 902 1493 971 miraculorum
1533 904 1826 995 plurium
1857 914 1927 972 et
1964 904 2327 994 grandium
2359 930 2509 996 quae
2542 907 2667 974 fie-

530 1010 723 1089 bant,
773 1009 1027 1077 emissa
1079 1034 1200 1100 per
1237 1034 1316 1078 os
1368 1035 1519 1078 cum
1560 1010 1790 1078 dolore
1830 1010 2059 1079 valido
2099 1011 2395 1102 quadam
2429 1037 2666 1081 massa

531 1116 880 1186 horribilis
912 1117 1154 1198 saniei,
1188 1117 1507 1186 restituta
1551 1118 1681 1186 sibi
1722 1119 1988 1208 loquela
2022 1130 2087 1188 et
2127 1120 2434 1211 plenaria
2474 1120 2664 1187 sani-

530 1236 694 1308 tate,
741 1225 812 1292 in
868 1224 1107 1292 laudes
1164 1224 1291 1292 Dei
1347 1248 1426 1292 ac
1482 1226 1703 1293 sancti
1763 1251 2152 1317 erumpens,
2214 1226 2659 1317 antiphonam

530 1332 851 1424 gloriosae
882 1331 1222 1422 Virginis,
1259 1334 1465 1399 Salve
1494 1334 1773 1423 regina,
1805 1348 2084 1401 mater-‘2
2119 1335 2655 1415 misericordiae,

531 1451 691 1519 etc.‚
762 1437 969 1508 altius
1030 1439 1391 1512 intonavit.
1471 1444 1582 1509 30.
1649 1443 1743 1510 At
1800 1466 1950 1522 nos,
2014 1442 2247 1510 audito
2303 1441 2657 1520 miracu10,

530 1545 769 1638 repleti
816 1556 1095 1637 stupore
1142 1557 1211 1615 et
1249 1547 1529 1637 gaudie,
1580 1572 1717 1616 una
1768 1573 1917 1616 cum
1962 1548 2302 1630 ministm,
2347 1549 2461 1639 qui
2501 1560 2664 1617 tunc

530 1653 711 1723 domi
741 1653 1005 1733 aderat,
1052 1654 1211 1721 illuc
1260 1654 1684 1722 cucurrimus
1713 1655 2122 1724 festinanter
2160 1666 2226 1724 et
2265 1656 2664 1747 praedictam

528 1761 971 1853 antiphonam
1013 1761 1421 1852 perfecimus
1456 1785 1605 1829 cum
1632 1761 1866 1830 eodem
1903 1765 1942 1830 ¹.

618 1871 727 1937 31.
754 1867 950 1935 Alius
981 1867 1214 1948 frater,
1246 1867 1515 1936 nomine
1545 1869 1901 1949 Cambius,
1932 1870 2014 1938 de
2045 1869 2397 1961 provincia
2421 1874 2662 1938 Roma-

530 1976 685 2063 niae,
733 1975 879 2042 ibat
924 1974 1322 2053 Bononiam,
1378 1975 1465 2043 ad
1513 1976 1872 2067 quemdam
1911 1977 2249 2046 famosum
2295 1977 2656 2058 medicum,

530 2105 652 2172 pro
692 2081 990 2149 remedio
1031 2080 1270 2172 gravis
1309 2083 1649 2166 fracturae,
1695 2108 1828 2174 qua
1867 2108 2154 2175 pressus
2192 2084 2416 2152 fuerat
2457 2084 2660 2152 annis

530 2188 789 2256 multiS.
830 2193 941 2258 32.
989 2192 1093 2256 Eo
1131 2199 1358 2256 autem
1397 2200 1546 2258 erat
1582 2191 1805 2281 majus
1846 2191 2217 2281 periculum
2255 2190 2325 2258 in
2372 2202 2659 2281 ruptura

531 2295 715 2386 quia,
763 2319 994 2386 quum,
1051 2295 1318 2363 duobus
1376 2296 1576 2363 annis
1634 2307 1700 2365 et
1757 2298 2076 2388 ampliuS,
2129 2307 2477 2389 portasset
2524 2296 2661 2364 cir-

530 2402 753 2471 culum
792 2403 1083 2469 ferreum
1132 2427 1214 2469 ne
1260 2403 1548 2471 fluerent
1588 2404 1942 2484 intestina,
1978 2405 2120 2496 jam
2163 2428 2295 2472 non
2338 2404 2660 2472 obstante

530 2509 780 2578 circulo
819 2510 889 2577 in
929 2521 1124 2580 tanta
1161 2511 1661 2579 descenderant
1694 2511 2076 2602 quantitate
2109 2523 2185 2580 ut
2216 2512 2664 2602 probabiliter

529 2617 883 2684 timeretur
937 2617 1118 2708 quod
1171 2617 1305 2685 alia
1362 2642 1593 2686 secum
1648 2642 1773 2685 suo
1825 2618 2123 2710 pondere
2180 2619 2532 2687 traherent
2593 2630 2663 2687 et

528 2723 712 2792 nulla
751 2724 1063 2792 humanae
1115 2724 1287 2792 artis
1340 2724 1586 2815 peritia
1623 2734 1910 2815 possent
1953 2726 2270 2817 superius
2317 2725 2655 2794 revocari.

617 2835 729 2900 33.
775 2830 1086 2922 Contigit
1117 2841 1343 2899 autem
1382 2842 1457 2899 ut
1500 2831 1725 2900 dictus
1767 2832 1978 2900 frater
2018 2833 2238 2901 sacris
2279 2832 2658 2911 solemniiS,

529 2940 600 3006 in
667 2938 914 3029 quibus
978 2938 1307 3028 praedicta
1373 2949 1441 3007 et
1505 2939 1704 3029 plura
1770 2939 1903 3007 alia
1978 2939 2236 3008 fiebant
2302 2939 2657 3019 miracula,

529 3047 920 3116 interesset.
988 3048 1098 3115 34.
1170 3046 1431 3115 Videns
1494 3046 1708 3138 igitur
1771 3046 2021 3114 divinae
2081 3047 2361 3116 virtutis
2421 3071 2657 3138 opera,

530 3154 774 3245 plenus
812 3152 943 3221 fide
996 3163 1064 3221 et
1108 3152 1497 3234 devotione,
1540 3154 1839 3223 accessit
1876 3154 1963 3222 ad
2013 3178 2242 3222 arcam
2289 3154 2473 3224 beati
2515 3156 2662 3222 An-

528 3260 699 3328 tonii
765 3258 1218 3342 considentem
1286 3260 1432 3340 sed,
1493 3261 1654 3351 quia
1720 3261 1964 3329 subtus
2030 3261 2209 3329 inter
2276 3261 2654 3342 columnaS,

530 3368 779 3459 quibus
832 3377 1284 3445 sustentatur,
1335 3368 1592 3437 intrare
1651 3393 1786 3436 non
1842 3368 2087 3460 potuit,
2135 3380 2413 3461 propter
2467 3369 2661 3436 infir-

529 3474 860 3543 mantium
898 3475 1399 3543 multitudinem
1452 3487 1520 3544 et
1556 3500 1978 3566 pressuram,
2022 3475 2256 3567 tetigit
2300 3499 2451 3544 eam
2503 3476 2662 3543 dili-

530 3582 808 3674 gentius
877 3593 944 3651 et
1007 3582 1338 3673 palpavit,
1399 3582 1649 3674 injecta
1723 3583 2043 3652 marmori
2119 3607 2321 3652 manu
2387 3583 2654 3652 dextra.

528 3696 637 3761 35.
683 3691 999 3759 Mirabile
1037 3690 1263 3759 dictu!
1316 3694 1597 3782 Nempe,
1649 3716 1855 3783 quum
1903 3715 2131 3775 manu,
2192 3715 2342 3783 quae
2392 3714 2664 3759 sacram

582 3900 628 3933 a.
660 3888 730 3933 Le
754 3890 873 3933 texte
898 3888 958 3933 du
984 3887 1075 3933 Ms.
1100 3888 1156 3933 de
1181 3887 1363 3934 Padoue
1383 3901 1472 3934 om.
1494 3891 1672 3933 mater.

593 4062 639 4108 1.
678 4058 756 4110 Ce
788 4058 1012 4110 miracle
1039 4072 1097 4109 se
1130 4062 1323 4109 trouve
1350 4058 1489 4109 dans
1513 4059 1652 4109 Jean
1687 4057 1923 4121 Rigauld
1951 4058 2093 4123 (cap.
2126 4058 2192 4120 X,
2218 4057 2303 4107 ed.
2337 4057 2410 4108 du
2438 4059 2502 4109 P.
2527 4059 2663 4110 Fer-

532 4139 757 4201 dinand,
790 4153 843 4204 p.
878 4142 1120 4199 138-140),
1168 4139 1261 4203 qul
1293 4139 1361 4190 l'a
1396 4153 1594 4190 encore
1625 4140 1803 4203 puise,
1850 4139 2018 4199 dit-il,
2063 4138 2203 4188 dans
2249 4139 2299 4188 le
2348 4139 2548 4190 recueil
2590 4138 2664 4190 de

530 4220 719 4271 Pierre
751 4218 1049 4284 Raymond.
1076 4219 1151 4270 Le
1178 4219 1278 4269 Ms.
1300 4219 1436 4269 Pad.
1466 4224 1523 4269 74
1554 4233 1588 4269 a
1618 4219 2058 4270 manifestement
2090 4221 2190 4270 tire
2219 4219 2270 4269 le
2298 4219 2428 4270 fond
2458 4219 2528 4270 de
2556 4233 2660 4269 son

531 4301 666 4351 recit
694 4303 766 4363 et,
798 4313 866 4350 en
896 4299 1104 4365 grande
1134 4299 1331 4364 partie,
1364 4313 1463 4351 son
1494 4302 1641 4351 texte
1671 4299 1818 4350 dela
1846 4302 2020 4351 meme
2051 4312 2261 4350 source.
