3109 4950
904 446 1240 492 snm-non
1292 446 1382 492 nu
1431 447 1549 493 MS.
1596 447 1682 493 ns
1723 446 1924 493 mals
2356 426 2481 494 145

346 584 519 654 ritur
563 584 901 654 fabricata
940 595 1008 654 et
1050 584 1203 654 ideo
1248 585 1317 653 in
1356 585 1794 654 veneratione
1835 584 2128 653 maxima
2168 583 2481 654 habenda

347 703 476 771 est,
520 703 662 760 tam
718 691 983 762 ratione
1036 692 1257 783 ipsius
1312 692 1491 761 sacri
1548 690 1881 783 corporis,
1925 692 2104 783 quod
2151 692 2479 780 continet,

346 821 549 888 quam
617 799 883 867 ratione
939 798 1181 868 horum
1254 810 1550 891 quatuor
1623 808 2021 868 sanctorum
2084 798 2480 885 illustrium,

347 929 634 995 quorum
685 905 864 973 sacta
903 905 1254 997 hucusque
1298 917 1704 998 permanent
1752 906 2038 998 egregia
2090 916 2158 975 et
2205 905 2478 976 devota.

436 1017 501 1080 5.
545 1014 909 1104 Quumque
939 1013 1025 1081 ad
1066 1036 1312 1081 novam
1352 1013 1536 1081 illam
1577 1013 1949 1081 solemnem
1989 1012 2370 1094 basilicam,
2413 1013 2483 1082 in

347 1119 614 1187 octavis
683 1118 1232 1188 Resurrectionis
1293 1118 1676 1198 dominicae,
1745 1120 1921 1210 ejus,
1991 1123 2136 1189 Deo
2200 1119 2478 1212 dignas,

347 1226 800 1294 transferrent
841 1225 1167 1318 reliquias
1220 1250 1369 1294 cum
1416 1227 1733 1295 maximis
1791 1226 2370 1314 solemnitatibus,
2411 1227 2482 1296 in

349 1334 579 1401 sonitu
631 1356 1074 1426 organorum,
1144 1334 1213 1401 in
1269 1334 1594 1426 clangore
1671 1334 2017 1421 tubarum,
2094 1334 2166 1403 in
2228 1334 2481 1403 tinnitu

348 1441 815 1533 cymbalorum
852 1463 933 1510 ac
969 1440 1325 1508 dulcisona
1373 1440 1833 1510 modulatione
1882 1440 2195 1510 suavium
2235 1441 2482 1509 carmi-

347 1572 535 1634 num,
579 1570 735 1616 ecce
764 1548 1044 1615 inventa
1083 1556 1193 1615 est
1235 1546 1475 1638 lingua
1512 1547 1732 1638 ipsius
1776 1547 1947 1616 adeo
1985 1571 2249 1627 recens,
2292 1548 2481 1617 rubi-

346 1655 570 1723 cunda
591 1663 659 1722 et
696 1654 1005 1745 pulchra,
1039 1677 1191 1745 quae
1219 1676 1342 1744 per
1363 1654 1654 1747 triginta
1684 1655 1859 1724 duos
1880 1678 2098 1723 annos
2121 1655 2480 1746 jacuerat⁴

349 1763 477 1830 sub
515 1772 726 1848 terra,
770 1760 969 1852 quasi
1000 1760 1237 1829 eadem
1276 1761 1442 1830 hora
1490 1771 1689 1853 pater
1727 1761 2211 1832 sanctissimus
2241 1762 2482 1831 deces-

349 1870 584 1939 sisset.
627 1872 690 1936 6.
755 1869 978 1956 Quam
1031 1867 1419 1960 siquidem⁶
1470 1868 1888 1938 venerabilis
1925 1868 2061 1955 vir,
2113 1868 2482 1938 dominus⁶

350 1979 861 2061 Bonaventura‚
895 1997 1110 2044 sacrae
1140 1974 1504 2066 theologiae
1534 1975 1774 2045 doctor
1803 1975 2204 2066 seraphicus
2224 1976 2285 2057 ⁶,
2320 1987 2481 2044 tunc

350 2082 694 2173 generalis
726 2082 1111 2162 ministare,
1153 2092 1396 2173 postea
1435 2082 1807 2152 cardinalis
1855 2083 2220 2175 episcopus
2267 2082 2483 2152 Alba-

350 2189 639 2258 nensis!
642 2240 663 2276 ‚
705 2189 820 2280 qui
861 2188 1062 2280 hujus
1108 2189 1586 2258 translationis
1626 2190 1902 2281 gaudiis
1952 2213 2263 2281 praesens
2302 2200 2477 2276 erat,

348 2296 415 2364 in
472 2296 789 2366 manibus
842 2306 1237 2366 reverenter
1301 2295 1673 2387 accipienS,
1724 2297 2058 2389 irrigatus
2114 2296 2478 2366 admodum

347 2403 681 2496 profluvio
727 2402 1188 2490 lacrimarum,
1248 2402 1443 2474 affari
1499 2426 1650 2474 eam
1687 2403 1949 2495 coepit&
2009 2402 2478 2496 hujuscemodi

346 2511 817 2580 devotissimis
842 2510 1103 2591 verbis,
1146 2534 1375 2580 coram
1413 2512 1729 2580 omnibus
1751 2511 1782 2555 '²
1819 2511 1990 2581 inibi
2028 2512 2421 2580 constitutis
2455 2535 2472 2579 ε

345 2622 407 2688 7.
443 2620 504 2687 O
545 2618 787 2708 lingua
836 2618 1219 2700 benedicta,
1262 2642 1415 2710 quae
1463 2643 1735 2711 semper
1782 2619 2194 2688 benedixisti
2245 2617 2477 2686 Domi-

343 2749 499 2793 num
520 2726 567 2807 ¹'‚
638 2748 718 2792 ac
779 2725 985 2793 etiam
1045 2725 1219 2792 alios
1279 2736 1355 2794 tu
1430 2725 1871 2795 benedicere1
1965 2724 2213 2812 fecisti,
2293 2748 2472 2794 nunc

342 2832 703 2903 manifeste
733 2842 1020 2923 apparet
1048 2832 1285 2924 quanti
1325 2832 1708 2901 exstitisti*
1737 2832 1959 2903 meriti
1989 2832 2171 2923 apud
2212 2835 2469 2900 Deum!

342 2941 408 3008 8.
456 2943 549 3008 Et
586 2938 888 3030 infigens
936 2939 995 3006 ei
1040 2939 1276 3007 oscula
1336 2937 1563 3006 dulcia
1602 2949 1671 3007 et
1726 2939 2000 3020 devota,
2057 2938 2270 3030 jussit
2326 2962 2477 3007 eam

346 3069 681 3126 seorsum,
733 3056 939 3136 prout
976 3044 1260 3138 dignum
1310 3056 1378 3115 et
1423 3045 1795 3137 expediens
1833 3048 2042 3127 erat‘‚
2110 3045 2475 3114 honorifice

346 3153 725 3222 collocari¹.

399 3371 444 3404 a.
475 3359 565 3404 us.
589 3360 644 3402 de
670 3358 897 3411 Lucerna,
922 3359 1014 3415 qui,
1038 3371 1095 3403 on
1121 3360 1178 3403 l'a
1202 3371 1276 3409 vu,
1302 3370 1327 3401 a
1350 3370 1400 3402 ce
1426 3370 1620 3415 passage
1645 3358 1804 3403 relatis
1830 3371 1886 3402 au
1919 3357 2104 3402 miracle
2141 3359 2197 3401 de
2224 3358 2267 3402 la
2292 3358 2476 3413 langue,

340 3429 517 3483 jacuit.
542 3453 596 3463 —
621 3431 666 3477 b.
690 3429 806 3476 Luc.
828 3430 1071 3487 profecto.
1095 3453 1149 3463 —
1171 3442 1214 3474 c.
1239 3430 1352 3475 Luc.
1376 3430 1553 3487 frater.
1575 3453 1628 3463 —
1656 3431 1704 3474 d.
1731 3429 1844 3474 Luc.
1867 3429 2187 3485 maqnificus.
2208 3452 2262 3463 —
2288 3441 2330 3475 e.
2359 3428 2473 3474 Luc.

348 3500 580 3546 minister
609 3501 822 3546 ordinis.
856 3524 909 3535 —
941 3502 977 3557 Ῑ.
1007 3501 1151 3545 ‘rente
1185 3502 1245 3545 du
1286 3501 1378 3546 Ms.
1413 3501 1469 3544 de
1516 3501 1648 3546 Paris
1686 3500 1992 3546 Albinensis.
2017 3523 2071 3534 —
2101 3513 2148 3555 9.
2175 3500 2290 3545 Luc.
2316 3501 2477 3555 affare

348 3570 548 3628 incepit.
569 3594 623 3606 -
647 3572 696 3616 11.
720 3571 835 3616 Luc.
858 3572 1178 3629 pluribus.-
1202 3572 1233 3616 i.
1268 3571 1382 3616 Luc.
1414 3572 1689 3617 Dominum
1711 3570 2024 3616 benedixisti.
2048 3594 2102 3605 —
2129 3570 2168 3626 j.
2192 3570 2306 3615 Luc.
2328 3571 2478 3615 bene-

345 3642 507 3687 dicere
527 3648 599 3688 tu.
618 3666 673 3676 -
703 3644 749 3687 k.
775 3642 890 3688 Luc.
911 3644 1127 3688 exsistis.
1148 3667 1201 3677 —
1222 3644 1252 3688 1.
1280 3642 1395 3688 Luc.
1412 3647 1566 3701 prout
1591 3647 1698 3687 erat
1722 3643 2005 3701 expediens.

406 3817 451 3865 1.
483 3815 569 3865 On
596 3827 629 3864 a
656 3813 966 3878 longtemps
993 3813 1233 3865 attribue
1263 3814 1413 3864 aussi
1453 3814 1485 3864 a
1521 3815 1670 3864 saint
1705 3814 2091 3865 Bonaventure
2118 3813 2171 3863 la
2196 3815 2477 3879 composi-

346 3895 455 3944 tion
486 3895 559 3944 du
589 3894 810 3944 sameux
841 3896 1042 3958 repens
1066 3894 1129 3945 Si
1155 3894 1353 3958 quaeris
1375 3894 1668 3945 miracula.
1695 3897 1739 3944 A
1771 3894 2066 3944 l’encontre
2093 3894 2161 3944 de
2187 3898 2329 3945 cette
2361 3897 2479 3958 pre-

347 3973 542 4025 tendue
563 3974 856 4036 tradition,
883 3975 1067 4024 iausse
1095 3988 1306 4025 comme
1333 3976 1452 4024 tant
1478 3973 1740 4033 d’autres,
1773 3974 1807 4023 n
1834 3974 1982 4024 sumt
2012 3973 2080 4023 de
2107 3975 2241 4025 faire
2268 3988 2474 4025 remar-

347 4068 480 4119 quer
509 4069 617 4120 que
648 4055 701 4105 le
739 4057 941 4120 repons
986 4054 1050 4106 Si
1077 4055 1276 4119 quaeris
1320 4068 1380 4103 se
1426 4056 1620 4105 trouve
1667 4054 1790 4115 deja
1835 4068 1942 4104 non
1989 4054 2294 4105 seulement
2337 4053 2477 4105 dans

345 4135 532 4186 l'offlce
558 4135 627 4186 de
659 4136 808 4186 saint
832 4136 1090 4195 Autome,
1111 4134 1180 4186 de
1200 4135 1384 4186 Julien
1410 4133 1477 4185 de
1498 4136 1677 4200 Spire,
1697 4149 1763 4185 en
1791 4148 1963 4199 usage
1993 4134 2133 4185 dans
2156 4134 2356 4186 l'ordre
2378 4135 2477 4186 des

346 4215 399 4265 la
423 4217 695 4280 premiere
719 4215 906 4266 moitie
935 4215 1009 4266 du
1050 4215 1204 4266 XIII·
1233 4216 1418 4275 siecle,
1448 4216 1587 4265 mais
1617 4227 1833 4276 encore,
1863 4227 2104 4280 presque
2137 4219 2250 4265 mot
2278 4216 2311 4265 a
2345 4219 2476 4277 mot,

345 4294 481 4347 dans
512 4297 567 4348 la
597 4294 832 4360 legende
862 4294 935 4346 du
967 4297 1140 4345 meme
1168 4295 1353 4347 Julien
1389 4294 1545 4358 (Vita
1582 4299 1804 4345 auctore
1833 4308 2108 4359 anonymo
2137 4295 2300 4347 valde
2324 4297 2476 4348 anti-

2372 4410 2425 4455 10
