3109 4950
853 459 914 505 s,
966 458 1255 506 Axe-romu
1304 460 1628 507 Leonum.
1676 460 1920 521 rmum,
1969 440 2014 508 6
2407 441 2494 508 33

441 852 512 912 6.
546 853 922 924 Quomodo
952 855 1096 914 ivit
1123 855 1639 916 Marooohium
1668 857 1746 915 et
1775 856 1866 915 de
1896 856 2146 916 reditu
2177 856 2344 928 ejus
2370 862 2420 913 ⁸.

460 1166 520 1229 1.
568 1161 839 1229 Sensim
871 1161 897 1205 ὅ
936 1161 1152 1253 igitur
1190 1172 1259 1230 et
1289 1174 1315 1205 ⁶
1340 1186 1462 1253 per
1491 1161 1914 1231 incrementa
1946 1162 2132 1230 zelus
2165 1162 2319 1229 fidei
2350 1186 2504 1229 eum

365 1268 635 1336 enixius
700 1269 1119 1360 perurgebat
1177 1280 1244 1336 et
1300 1270 1612 1361 martyrii
1661 1270 1816 1338 sitis
1873 1270 1944 1337 in
2006 1269 2210 1337 corde
2266 1269 2504 1337 illiusd

367 1399 658 1443 aceensa
685 1389 712 1418 ⁶
751 1376 1100 1467 quiescere
1122 1401 1273 1444 eum
1296 1378 1685 1445 nullatenus
1707 1377 2168 1468 permittebat.
2205 1381 2269 1445 2.
2307 1377 2503 1445 Unde

367 1484 620 1550 sactum
661 1494 770 1550 est
805 1493 905 1563 ut,
950 1484 1145 1573 juxta
1188 1484 1605 1574 promissum
1644 1484 1806 1552 data
1850 1484 1980 1552 sibi
2019 1484 2320 1563 lieentia,
2363 1496 2504 1551 ter-

368 1591 578 1657 rams
608 1592 1138 1658 Sarracenorum
1170 1591 1461 1659 festinus
1492 1591 1715 1659 adiret
1745 1594 1790 1658 ¹.
1835 1596 1900 1660 3.
1956 1592 2088 1660 Sed
2132 1616 2283 1683 quae
2343 1602 2505 1659 sunt

369 1697 664 1763 hominis
706 1721 1131 1787 cognoscens
1177 1699 1582 1766 Altissirnus
1633 1699 1704 1766 in
1747 1699 1985 1766 faciem
2027 1699 2087 1765 ei
2131 1698 2386 1766 restitit
2424 1722 2504 1765 ao

367 1804 773 1871 intentato&
826 1806 1024 1895 gravi
1087 1805 1351 1885 morb0‚
1410 1830 1533 1896 per
1590 1817 1808 1874 totum
1875 1806 2119 1873 hiemis
2178 1805 2500 1897 spatium,

366 1911 597 1978 aerius
631 1911 1028 2002 flagellavit.
1073 1915 1136 1979 4.
1178 1912 1423 2004 Sicque
1472 1913 1724 1980 sactum
1763 1913 1928 1980 est'¹
1967 1924 2067 1993 ut,
2120 1912 2364 2004 quumi
2420 1911 2503 1979 de

364 2018 725 2108 proposito
764 2018 928 2085 suoj
983 2019 1148 2086 nihil
1182 2044 1509 2111 prospere
1540 2031 1766 2087 actum
1798 2030 2130 2097 cerneret,
2165 2043 2288 2109 pro
2321 2043 2502 2086 recu·

366 2125 673 2214 peranda
699 2126 938 2193 saltem
965 2127 1272 2216 eorporis
1313 2127 1611 2195 sanitate
1641 2127 1669 2171 ¹¹
1710 2127 1796 2194 ad
1829 2126 2053 2194 natale
2085 2127 2302 2194 solum
2331 2150 2504 2193 corn·

367 2232 611 2322 pulsus
650 2243 983 2300 remearet
1020 2232 1058 2299 ¹.
1106 2238 1169 2300 5.
1215 2233 1376 2320 Qui,
1418 2257 1625 2325 quum
1678 2232 2072 2325 navigando
2125 2232 2192 2300 in
2253 2233 2504 2300 finibus

370 2338 727 2429 Hispaniae
788 2340 1130 2430 applicare
1192 2340 1611 2430 disponeret,
1672 2340 1739 2408 in
1796 2340 2044 2408 Siciliae
2075 2352 2126 2383 ¹¹¹
2192 2339 2504 2430 partibus

368 2457 732 2514 ventorum
770 2446 971 2537 pulsu
1005 2471 1080 2514 se
1110 2447 1411 2537 positum
1451 2447 1776 2516 cernebat
1802 2451 1851 2518 ἓ).

423 2712 468 2743 a.
498 2699 633 2742 Puris
661 2699 888 2752 Qualiter
911 2699 1173 2754 affectabat
1211 2701 1537 2756 martyrium.
1567 2724 1620 2734 —
1646 2701 1688 2745 b.
1716 2702 1819 2745 Alc.
1846 2701 1927 2745 286
1969 2711 2194 2744 sensum.
2217 2722 2270 2732 —
2296 2711 2340 2744 c.
2377 2700 2509 2744 Paris

368 2783 458 2814 om.
491 2775 553 2815 et.
575 2794 631 2802 —
649 2771 698 2814 d.
722 2770 858 2814 Paris
882 2771 1063 2826 ipsius.
1088 2794 1140 2804 -
1164 2784 1205 2816 e.
1230 2772 1366 2816 Paris
1389 2773 1608 2817 incensa.
1630 2795 1683 2805 -
1707 2771 1744 2827 Γ.
1769 2772 1882 2816 Luc.
1909 2773 1975 2816 ad
2002 2775 2205 2816 terram.
2226 2795 2280 2803 —
2312 2784 2357 2828 9.
2392 2770 2507 2815 Luc.

277 2865 297 2889 0
368 2841 577 2887 intento.
608 2866 662 2874 —
686 2844 736 2886 ἡ.
753 2844 857 2886 Ale.
877 2845 1062 2888 mom.
1086 2846 1177 2888 est.
1211 2867 1267 2875 —
1288 2844 1318 2887 i.
1339 2845 1444 2887 Alc.
1469 2845 1550 2890 286
1574 2836 1822 2897 eu‘m—j.
1852 2843 1986 2887 Paris
2004 2856 2094 2887 om.
2121 2855 2230 2888 suo.
2248 2866 2300 2876 -·-
2323 2843 2369 2886 k.
2392 2842 2508 2887 Luc.

362 2926 460 2969 pro
498 2916 849 2970 recuperanda
876 2915 1039 2960 salute
1057 2916 1303 2972 corporis.
1341 2938 1396 2948 —
1439 2916 1470 2960 l.
1506 2915 1640 2968 Luc„
1667 2915 1777 2959 Pad.
1815 2915 2111 2971 compulsus
2156 2917 2229 2959 est
2268 2926 2508 2959 remeare.

367 3008 422 3017 —
451 2997 521 3028 m.
548 2986 654 3029 Alc.
679 2987 760 3031 286
781 2985 985 3031 Ciliciae.
1014 2985 1146 3029 Paris
1172 2986 1375 3032 Ciciliae.

434 3196 481 3241 1.
510 3192 588 3242 Le
616 3192 862 3242 novicia!
890 3170 1027 3243 {tait
1054 3206 1252 3244 encore
1277 3194 1310 3243 ὲ
1341 3207 1448 3258 peu
1480 3194 1608 3258 pres
1634 3194 1869 3243 inconnu
1891 3192 2031 3243 dans
2057 3193 2112 3242 ia
2135 3193 2339 3243 familie
2363 3193 2512 3243 iran-

373 3274 617 3322 oisoaine
650 3285 661 3321 :
695 3272 731 3321 il
763 3286 832 3322 ne
862 3272 937 3322 lui
971 3272 1052 3322 sut
1081 3274 1293 3338 impose
1324 3275 1690 3338 precisernent
1727 3287 1834 3338 que
1869 3278 2012 3323 cette
2042 3277 2217 3323 annee
2248 3274 2321 3332 Ιὲι,
2352 3275 2511 3323 c'est-

374 3352 550 3402 ii-dire
597 3367 667 3401 en
716 3356 857 3412 1220,
905 3367 1008 3418 par
1049 3354 1103 3403 ia
1149 3354 1299 3404 hune
1349 3355 1483 3403 Cum
1525 3354 1826 3404 seeundum
1870 3354 2202 3404 d'Honorius
2247 3355 2344 3403 111.
2383 3354 2510 3418 (Ap.

378 3432 691 3493 Ροτι-ΗΑΒΤ,
727 3434 855 3498 Reg.
897 3433 1054 3484 Pone.
1089 3434 1258 3494 Rom„
1305 3444 1359 3483 η’
1386 3438 1603 3499 6361‚p.
1635 3441 1743 3484 555.
1777 3435 1979 3494 Berlin,
2009 3437 2156 3496 1874;
2192 3435 2512 3494 Setinum,

376 3517 414 3563 t.
448 3514 491 3572 Ι,
518 3528 574 3577 p.
605 3519 667 3574 6;
702 3514 1016 3573 VVADDING,
1047 3528 1135 3565 an.
1168 3515 1331 3578 1220).

438 3598 484 3642 2.
526 3595 631 3644 Les
658 3592 983 3644 documents
1013 3595 1270 3658 primitiis
1310 3608 1378 3645 ne
1418 3609 1557 3645 nous
1593 3594 1776 3645 disent
1815 3597 1930 3645 rien
1975 3596 2043 3644 de
2072 3595 2198 3659 pius
2229 3594 2300 3644 du
2333 3597 2515 3656 sejour

377 3673 675 3724 d'Antoine
718 3688 785 3724 en
838 3675 1021 3725 sicile.
1056 3675 1161 3724 Les
1189 3677 1464 3725 eorivains
1494 3675 1785 3725 modernos
1815 3678 1911 3725 ont
1939 3678 2131 3739 essaye
2161 3674 2228 3724 de
2256 3675 2517 3739 suppleer

378 3755 409 3802 ὁ
442 3768 503 3805 ee
532 3754 742 3804 silence
786 3768 889 3819 par
932 3754 1030 3804 des
1076 3755 1276 3805 details
1324 3756 1709 3820 imaginaires.
1743 3756 1974 3820 D'apres
2009 3756 2278 3816 Pachom,
2311 3757 2518 3804 notam-

382 3837 546 3894 ment,
565 3836 661 3900 qui
680 3837 912 3885 ecrivait
928 3849 998 3884 au
1017 3835 1193 3885 XVII·
1218 3835 1404 3896 siecle,
1423 3836 1472 3885 ie
1490 3837 1638 3885 saint
1658 3838 1829 3886 serait
1844 3835 2127 3900 debarque
2144 3837 2176 3885 ὲ
2200 3835 2516 3895 Tam-mina,

380 3929 449 3964 ou
473 3916 814 3976 Tavernera,
858 3918 914 3965 et
960 3929 987 3979 y
1036 3916 1218 3966 aurait
1265 3917 1442 3966 meme
1489 3919 1760 3978 sejourne.
1807 3917 1852 3966 ΙΙ
1897 3931 1926 3979 y
1970 3917 2153 3965 aurait
2195 3916 2381 3979 plante
2420 3914 2518 3964 des

383 3999 572 4060 cypres
602 3999 660 4047 et
688 3996 787 4046 des
818 3997 1164 4057 citronnierS,
1202 4010 1312 4062 que
1354 3996 1462 4046 l'on
1494 3999 1756 4046 montrait
1785 4010 1982 4047 encore
2011 3997 2083 4046 du
2114 3998 2306 4046 vivant
2336 3996 2404 4046 de
2435 3998 2522 4046 eet

383 4080 578 4127 auteur
603 4081 653 4128 ei
687 4077 781 4142 qui
814 4076 1235 4127 natureHement
1254 4078 1542 4141 passaient
1567 4091 1705 4142 pour
1727 4078 1912 4140 guerin·
1934 4077 2204 4127 certaines
2232 4075 2519 4126 maledie&

386 4156 695 4217 (pannem,
743 4155 992 4222 Epilome
1031 4156 1096 4206 de
1132 4157 1187 4206 la
1229 4157 1423 4207 vida...
1466 4156 1532 4205 de
1570 4156 1625 4206 S.
1657 4158 1804 4217 Ant„
1859 4156 2156 4216 Lisbonne,
2189 4157 2348 4219 1658).
2381 4156 2521 4205 Mais

386 4238 654 4288 l’autoriie
685 4237 754 4287 de
800 4237 1054 4286 Pacheco
1092 4239 1177 4286 est
1217 4237 1607 4302 critiquernent
1646 4237 1794 4287 nuile
1841 4240 1914 4296 et,
1957 4251 2061 4302 par
2103 4237 2347 4296 niueum,
2379 4238 2522 4286 cette

383 4318 678 4382 pretendue
710 4316 974 4368 tradition
1006 4317 1226 4367 devient
1267 4316 1336 4367 de
1375 4317 1502 4381 pius
1539 4330 1608 4366 en
1641 4317 1767 4382 pius
1811 4320 2085 4381 suspecte,
2119 4316 2308 4382 quand
2353 4331 2424 4366 on
2468 4316 2522 4366 la
2584 4353 2589 4360 .

2416 4433 2443 4476 3
