3109 4950
715 488 775 534 S.
826 487 1116 534 Amonn
1166 486 1488 535 Leonum
1540 494 1574 529 «
1618 486 2041 534 asumma-As
2085 492 2119 527 ι)
2347 467 2479 535 229

344 627 592 716 placet,
672 626 1127 706 confessione,
1204 626 1531 695 adeamus
1611 630 1895 695 Romam
1972 626 2083 693 vel
2167 634 2480 693 sanctum

343 732 695 812 Jacobum,
737 733 1315 825 peregrinationis
1370 734 1623 825 gratia,
1668 733 1756 801 ad
1805 731 2229 801 visitandum
2282 755 2480 824 apos-

344 840 637 908 tolorum
702 840 960 920 limina,
1031 842 1140 908 vel
1201 842 1593 932 jejunemus
1651 839 1772 908 tali
1826 839 1938 907 vel
1995 839 2116 907 tali
2173 839 2311 925 die,
2368 840 2479 907 vel

345 946 565 1014 simile
625 947 788 1038 quid
846 947 933 1015 ad
1000 947 1323 1016 honorem
1378 946 1696 1038 Virginis
1765 946 2044 1027 Mariae3
2110 955 2180 1013 et
2239 946 2339 1014 sic
2395 970 2478 1014 ex

343 1052 732 1145 hujusmodi
780 1054 1259 1123 devotionibus
1315 1078 1494 1121 unus
1534 1054 1823 1122 alterum
1866 1053 1953 1120 ad
1993 1053 2273 1121 meliora
2314 1053 2478 1122 cha-

343 1160 631 1229 rismata
677 1161 1030 1230 incitabat.
1091 1166 1201 1231 31.
1266 1162 1440 1250 Quis
1488 1161 1916 1230 existimaret
1969 1171 2134 1251 quot
2175 1160 2473 1230 lacrimae

340 1267 434 1337 ibi
510 1267 993 1349 fundebantur,
1062 1278 1229 1360 quot
1301 1268 1600 1360 gemitus
1676 1292 1758 1336 ex
1831 1267 2091 1335 intimis
2168 1266 2473 1337 cordium

338 1374 813 1461 trahebantur,
858 1386 1026 1467 quot
1060 1387 1410 1467 pectorum
1450 1375 1812 1443 tunsiones
1859 1374 2202 1466 quondam
2254 1374 2473 1443 obsti-

338 1492 656 1551 natorum
716 1483 885 1551 inibi
941 1485 1479 1574 promebantur?
1534 1483 1710 1570 Quis
1761 1482 1899 1550 ista
1952 1481 2296 1550 sufficeret
2349 1506 2473 1573 per

339 1589 619 1683 singula
657 1613 983 1660 enarrare
1010 1593 1039 1657 Ρ

420 1701 536 1767 32.
588 1697 983 1766 Mirificavit
1043 1697 1215 1766 adeo
1274 1698 1609 1766 Dominus
1668 1706 1981 1765 sanctum
2038 1720 2236 1765 suum
2287 1696 2471 1789 quod

336 1828 472 1873 non
514 1804 734 1873 solum
766 1804 1043 1872 usitatis
1065 1819 1095 1848 α
1129 1805 1431 1896 quotidie
1471 1804 1800 1873 rutilabat
1831 1802 2206 1887 miraculis,
2227 1828 2468 1873 verum

334 1913 544 1981 etiam
595 1911 924 1981 inauditis
962 1935 1086 2002 pro
1124 1923 1429 2004 tempore
1476 1911 1704 2004 signis
1744 1922 1811 1980 et
1851 1910 2188 2003 prodigiis
2228 1935 2468 1980 corus-

334 2019 563 2088 cabat.
607 2023 717 2088 33.
762 2022 962 2100 Nam,
1020 2019 1196 2087 sicut
1234 2019 1528 2110 legimus
1582 2019 1667 2087 de
1705 2020 1908 2088 beato
1961 2019 2241 2087 Nicolao
2284 2018 2467 2110 quod

331 2126 653 2217 apparuit
682 2150 804 2216 per
833 2126 1059 2193 visum
1090 2126 1483 2219 imperatori
1526 2128 2013 2207 Constantino,
2055 2126 2276 2194 eidem
2304 2149 2466 2217 pro-

330 2235 508 2301 fecto
539 2232 953 2301 dissuadens
983 2243 1050 2301 et
1089 2234 1511 2302 comminans
1543 2245 1748 2326 atque
1778 2233 2052 2302 omnino
2089 2232 2462 2325 prohibens

332 2363 567 2408 necem
628 2340 1090 2408 innocentium
1145 2363 1317 2432 quos
1371 2340 1594 2409 adhue
1650 2340 1720 2408 in
1776 2363 2046 2408 carcere
2086 2339 2458 2423 detinebat,

332 2448 431 2518 sic
460 2447 571 2515 vir
609 2447 740 2516 iste
781 2457 1063 2517 sanetus
1117 2470 1290 2539 quos
1329 2447 1652 2517 cernebat
1698 2447 2014 2517 detentos
2055 2458 2122 2516 et
2158 2448 2463 2517 incarce-

331 2566 521 2624 ratos
554 2580 594 2623 a
635 2554 907 2623 diabolo
949 2579 1070 2646 per
1107 2566 1485 2646 peccatum,
1522 2556 1670 2624 neci
1700 2557 1975 2624 tandem
2005 2567 2277 2624 aeternae
2320 2567 2463 2624 tra-

329 2662 620 2740 dendos,
676 2663 763 2730 ad
824 2686 1057 2731 eorum
1110 2663 1583 2732 liberationem
1636 2663 2016 2731 studiosius
2074 2663 2456 2732 laborabat.

328 2773 437 2839 34.
480 2773 624 2838 Ηοο
653 2770 805 2837 ideo
838 2769 977 2837 dixi
1015 2771 1200 2861 quia,
1235 2770 1394 2837 dum
1435 2770 1659 2838 adhuc
1699 2780 1981 2838 sanctus
2020 2771 2129 2839 hic
2167 2771 2457 2852 viveret,

329 2877 661 2958 nonnulli,
732 2877 1088 2945 venientes
1150 2877 1238 2945 ad
1298 2878 1574 2957 fratrea,
1609 2878 2018 2945 asserebant
2076 2877 2459 2946 certissime

329 2984 535 3076 quod,
567 2984 788 3052 adhuc
817 2984 991 3076 ipsis
1021 2984 1359 3076 profunda
1389 2995 1588 3053 nocte
1617 2985 1687 3052 in
1716 2984 1914 3052 lectis
1948 2984 2092 3053 suis
2124 2984 2458 3052 dormien-

329 3091 542 3172 tibus,
587 3092 963 3181 apparebat
999 3090 1244 3159 beatus
1274 3101 1494 3182 pater,
1529 3092 1799 3159 dicens:
1837 3093 2084 3184 Surge,
2120 3091 2452 3171 Martine;

332 3221 571 3288 surge,
614 3199 891 3290 Agnes;
946 3208 1015 3266 et
1050 3197 1227 3265 vade
1275 3199 1362 3266 ad
1400 3200 1606 3267 talem
1647 3199 1931 3266 fratrum
1982 3200 2128 3267 sive
2167 3198 2458 3291 presby-

330 3316 630 3374 terorum
691 3317 761 3374 et
815 3305 1137 3374 confitere
1190 3305 1321 3374 sibi
1390 3307 1524 3374 tale
1582 3315 1650 3373 et
1715 3306 1849 3373 tale
1905 3317 2286 3397 peceatum,
2335 3307 2457 3375 tali

328 3423 634 3504 tempore
675 3416 829 3497 [148
867 3437 908 3481 a
950 3417 1010 3497 1]
1050 3437 1174 3503 per
1230 3423 1297 3481 te
1353 3424 1422 3481 et
1476 3413 1546 3481 in
1602 3413 1723 3480 tali
1780 3413 1929 3481 loco
1987 3413 2452 3494 commissum,

331 3520 513 3611 quod
567 3543 763 3588 nemo
822 3530 1109 3588 noverat
1168 3519 1304 3588 nisi
1372 3523 1581 3588 Deus.
1635 3524 1747 3589 35.
1793 3522 1882 3588 Et
1931 3521 2057 3606 sic,
2106 3544 2227 3611 per
2273 3520 2455 3587 viam

328 3626 563 3714 istam,
605 3638 885 3718 peccata
941 3627 1012 3695 in
1084 3627 1422 3696 occultum
1488 3628 1772 3696 latentia
1829 3628 2102 3718 expiata
2157 3628 2453 3706 fuerunt,

326 3745 533 3825 prout
569 3734 777 3802 etiam
814 3735 1104 3803 habetur
1142 3735 1212 3802 in
1251 3734 1541 3825 legenda
1583 3735 1756 3803 alias
1803 3734 2118 3825 superius
2156 3734 2384 3825 posita
2407 3735 2452 3802 ¹.

379 3991 427 4022 a.
454 3978 600 4022 Texte
626 3977 866 4023 visitatis.

390 4207 436 4253 1.
468 4204 535 4254 V.
568 4216 775 4269 supra:
807 4203 934 4270 Leg.
965 4205 1169 4270 prima,
1201 4208 1278 4262 13,
1311 4214 1368 4252 n·
1403 4207 1479 4252 1‘0.
1508 4229 1571 4240 -
1600 4205 1686 4252 Au
1717 4204 1859 4263 sujet
1888 4203 1956 4253 de
1985 4215 2078 4252 ces
2107 4203 2455 4267 apparitione

330 4283 402 4334 du
434 4285 638 4335 saluta
667 4284 768 4335 des
795 4285 1083 4349 pecheurs,
1111 4284 1311 4334 durant
1341 4285 1461 4334 leur
1490 4283 1760 4343 sommeil,
1791 4282 1841 4332 le
1874 4283 2034 4334 Libet·
2063 4283 2456 4333 mit-arnlorum

330 4366 408 4428 (n·
435 4369 513 4426 33)
540 4365 828 4431 reproduit
856 4368 1013 4417 notre
1045 4369 1209 4426 texte,
1242 4365 1370 4415 saus
1390 4364 1660 4430 quelques
1693 4366 1852 4414 mole.
