3109 4950
856 460 1233 507 Annrnoxvs
1284 460 1375 506 nu
1426 461 1543 507 us,
1591 461 1677 507 ns
1727 460 2003 506 ninom-2
2415 441 2538 507 137

496 602 607 668 24.
665 603 907 668 Frater
945 599 1221 691 quidam
1260 600 1346 668 de
1384 600 1622 668 ordine
1653 601 2023 680 Minorum,
2068 599 2337 667 nomine
2375 601 2542 667 Ber-

406 707 763 794 nar-dinus,
799 707 1127 775 oriundus
1168 707 1251 775 de
1292 709 1563 788 Parma,
1608 708 1894 776 duorum
1938 707 2274 774 mensium
2315 706 2540 797 spatio

405 824 634 882 mutus
687 814 1047 883 exstiterat
1098 824 1166 881 et
1222 813 1563 906 impotens
1616 815 1703 882 ad
1752 814 2185 906 loquendum.
2231 818 2341 882 25.
2382 813 2541 881 Lin-

405 945 613 1011 guam
654 922 833 989 enim
871 923 1020 1012 ejus
1060 932 1128 990 et
1168 932 1417 990 caetera
1455 922 1608 990 voci
1648 924 1798 1012 ejus
1840 921 2230 989 necessaria
2279 921 2541 990 instru-

402 1039 635 1096 menta
674 1040 869 1097 erant
909 1030 1125 1120 ligata
1175 1041 1243 1098 et
1294 1028 1621 1121 impedita
1667 1029 1838 1097 adeo
1878 1030 2316 1096 vehementer
2356 1026 2536 1119 quod

405 1160 526 1203 nee
566 1136 843 1204 omnino
898 1136 1083 1226 loqui
1136 1147 1432 1228 poterat,
1490 1161 1707 1228 neque
1747 1160 2017 1228 spuere,
2072 1161 2289 1227 neque
2343 1135 2530 1202 flare.

409 1246 580 1310 Nam
643 1242 848 1311 etiam
908 1243 1261 1311 candelam
1324 1244 1681 1335 parvulam
1742 1244 1844 1311 ori
1905 1242 2293 1334 appositam
2353 1242 2537 1308 nullo

407 1348 607 1417 modo
653 1349 929 1418 valebat
967 1351 1432 1442 exstinguere.
1492 1355 1602 1419 26.
1653 1350 1808 1418 Fuit
1854 1360 2081 1418 autem
2141 1348 2322 1417 eirca
2370 1348 2535 1417 dieti

404 1455 642 1523 fratris
681 1479 912 1524 curam
951 1457 1338 1526 laboratum
1377 1457 1776 1543 diligentius
1826 1482 1947 1548 per
1989 1456 2350 1547 peritiores
2396 1481 2539 1525 me·

403 1563 594 1630 dicos
650 1564 1111 1645 Lombardiae3
1169 1564 1375 1642 unde,
1442 1563 1623 1655 quod
1690 1574 1798 1632 est
1864 1564 2100 1632 auditu
2177 1564 2481 1632 terribile
2517 1570 2530 1631 l

360 1677 373 1691 “
402 1669 643 1737 novies
681 1694 833 1737 eum
883 1670 1063 1738 ferro
1111 1671 1444 1740 candente
1493 1672 1715 1740 suerat
1766 1682 2086 1740 excoctus
2139 1671 2210 1737 in
2258 1682 2537 1761 gutture

401 1785 491 1861 et,
545 1776 809 1865 ultimO,
858 1778 1066 1845 semel
1129 1778 1199 1845 in
1256 1778 1502 1869 capite,
1550 1789 1618 1846 et
1665 1778 1912 1855 adhuc,
1962 1777 2337 1845 curationis
2394 1803 2536 1845 sua».

398 1895 731 1974 tempore,
766 1885 1087 1974 portabat
1117 1884 1186 1952 in
1228 1895 1504 1953 coctura
1538 1885 1784 1977 eapitis
1817 1885 2212 1976 ligaturam.

486 1995 594 2059 27.
646 1991 867 2071 Unde,
903 2015 1109 2082 quum
1140 1992 1211 2060 in
1244 2015 1447 2060 manu
1487 1993 1900 2060 medicorum
1942 1992 2305 2060 infirmitas
2347 2016 2534 2060 eres-

401 2107 584 2165 ceret
624 2108 693 2166 et
723 2098 947 2190 magis
986 2123 1065 2167 ac
1106 2099 1330 2190 magis
1371 2099 1672 2190 quotidie
1713 2109 2146 2191 gravaretur,
2190 2110 2257 2167 et
2296 2109 2535 2190 guttur

402 2229 478 2271 ex
502 2205 717 2272 illatis
749 2205 1193 2295 passionibus
1225 2218 1294 2274 et
1323 2208 1619 2275 cocturis
1650 2206 2081 2296 indignatum
2114 2206 2316 2274 nimis
2347 2216 2535 2274 esset

399 2312 691 2379 interius
731 2323 801 2379 et
839 2313 1175 2385 inflatum.
1230 2314 1328 2382 ita
1384 2313 1565 2404 quod
1622 2313 1835 2382 frater
1890 2325 2040 2382 erat
2094 2314 2161 2381 in
2214 2315 2532 2382 continuo

399 2419 698 2509 periculo
740 2419 1145 2501 suffocandi,
1190 2420 1591 2490 reeordatus
1631 2431 1740 2490 est
1790 2421 2065 2490 tandem
2123 2422 2336 2489 frater
2372 2421 2532 2489 almi

399 2527 661 2596 Christi
693 2528 1113 2595 confessoris
1164 2529 1469 2607 Antonii,
1522 2529 1716 2620 eujus
1756 2529 2157 2597 solemnitas
2198 2540 2357 2596 tunc
2389 2529 2534 2595 ins-

395 2635 608 2703 tabat.
670 2638 782 2703 28.
829 2634 1132 2703 Veniens
1185 2636 1399 2726 igitur
1439 2635 1742 2704 Paduam
1804 2647 1872 2704 et
1927 2637 2013 2703 ad
2068 2660 2296 2703 arcam
2351 2635 2533 2703 beati

396 2741 673 2809 Antonii
708 2740 1024 2810 devotius
1056 2743 1164 2810 bis
1195 2742 1553 2822 accedenS,
1583 2743 1871 2834 primum
1894 2743 2166 2833 quidem
2195 2744 2429 2810 flatum
2465 2754 2533 2809 et

400 2859 670 2938 sputum
704 2849 911 2940 eoepit
950 2851 1258 2918 emittere
1299 2850 1522 2918 adhue
1563 2861 1816 2918 mutus,
1861 2855 1969 2919 29.
2010 2851 2164 2930 Sed,
2212 2874 2419 2940 quum
2452 2875 2534 2915 ex

397 2954 738 3046 perceptis
792 2956 1071 3025 virtutis
1124 2957 1346 3025 saneti
1386 2957 1705 3048 primitiis
1755 2957 2066 3025 devotior
2111 2967 2178 3025 et
2216 2956 2534 3023 fidentior

398 3179 539 3229 leurs
571 3179 909 3231 similitudes
951 3180 1105 3231 etde
1136 3182 1284 3231 leurs
1326 3180 1700 3243 dix-argencos,
1732 3181 1769 3232 il
1810 3184 2017 3231 ressort
2058 3182 2380 3231 clairement
2424 3194 2530 3245 que

398 3261 529 3310 Jean
565 3259 808 3323 Rigauld
857 3265 913 3311 et
955 3261 1005 3311 le
1052 3262 1154 3312 ΜΒ.
1205 3260 1339 3311 l‘ad.
1387 3266 1443 3311 74
1473 3264 1571 3312 ont
1601 3263 1759 3326 pulse
1797 3264 1830 3312 a
1861 3276 1968 3312 une
1999 3276 2192 3312 source
2223 3276 2529 3322 conunune,

400 3342 556 3404 qu’ils
602 3344 703 3391 ont
749 3354 819 3390 en
858 3342 1037 3405 partie
1085 3342 1276 3405 copiee
1305 3342 1712 3399 litteralement,
1745 3356 1813 3392 en
1843 3344 2022 3406 partie
2055 3345 2232 3392 tantot
2263 3345 2529 3397 resumee,

399 3422 573 3471 lentot
606 3420 1009 3484 paraphrasee.
1057 3420 1217 3471 Cette
1260 3436 1474 3479 source,
1515 3436 1588 3471 au
1632 3425 1794 3481 reste,
1842 3437 1981 3472 nous
2007 3426 2092 3471 est
2119 3423 2531 3486 expres-emeat

400 3500 653 3565 indiquee
681 3515 783 3564 par
811 3500 952 3551 Jean
980 3501 1217 3564 Rigauld
1249 3516 1261 3551 :
1294 3503 1426 3552 c'est
1454 3502 1502 3552 le
1539 3503 1744 3553 recueil
1776 3503 1844 3552 de
1876 3503 2128 3553 miracles
2147 3517 2254 3567 que
2288 3502 2529 3561 redigen,

396 3594 459 3630 en
490 3585 632 3642 1293,
668 3581 755 3630 Fr.
784 3581 971 3631 Pierre
993 3582 1275 3644 Raymond
1298 3581 1366 3632 de
1390 3584 1827 3643 saint-Romaiu,
1851 3584 1998 3633 alors
2021 3584 2226 3632 lecteur
2253 3584 2284 3632 a
2307 3582 2530 3632 l’adoue

396 3663 447 3710 et
478 3662 607 3725 plus
656 3659 782 3710 tard
827 3662 1132 3725 provincial
1163 3661 1517 3726 d'Aquitaine
1548 3663 1714 3726 (JEAN
1751 3664 2022 3721 RieAcm),
2051 3678 2173 3726 cap.
2221 3663 2286 3721 X,
2333 3662 2414 3712 ed.
2457 3662 2529 3711 du

397 3739 454 3789 P.
485 3739 824 3799 Ferdlnand,
856 3754 911 3805 p.
943 3744 1072 3805 130).
1100 3744 1147 3791 A
1179 3755 1241 3791 ce
1270 3742 1503 3806 prodige
1530 3743 1741 3793 semble
1783 3744 1918 3793 l'aire
1962 3743 2220 3803 allusion,
2263 3744 2402 3793 dans
2429 3757 2530 3791 son

394 3818 728 3880 Pomarium,
783 3820 1116 3871 Ricobaldus
1163 3821 1231 3872 de
1276 3823 1526 3883 Ferrare‚
1575 3824 1669 3887 qui
1719 3825 2009 3888 s’exprime
2054 3824 2236 3872 ainsi:
2269 3850 2330 3859 —
2374 3824 2531 3873 Anno

399 3901 606 3952 Christi
625 3901 781 3961 1243,
800 3899 1019 3957 Padum,
1054 3901 1283 3952 aderam
1316 3903 1559 3968 vesperis
1587 3904 1977 3964 solemnitati-5,
2003 3903 2222 3968 quando
2252 3903 2336 3953 vit·
2364 3907 2529 3951 natus

397 3985 594 4042 mulus,
641 3984 702 4030 ιιι
744 3979 987 4031 omnium
1031 3981 1233 4032 civium
1280 3987 1401 4033 erat
1450 3984 1709 4044 assertio,
1750 3983 1877 4033 dam
1912 3988 2127 4033 orasset
2156 3983 2400 4048 vesperis
2428 3983 2529 4031 sub

399 4058 545 4111 illius
586 4060 864 4125 sepulcre,
894 4060 1167 4125 loquelam
1213 4062 1547 4113 claudicem
1590 4064 1829 4128 recepti:
1876 4077 2032 4127 quem
2075 4062 2192 4113 vidi
2239 4066 2290 4111 et
2337 4062 2531 4112 audiri

399 4141 718 4205 loquentem.
750 4140 861 4190 Sed
888 4142 1167 4193 nesciebat
1192 4142 1357 4207 loqui,
1390 4143 1503 4193 nisi
1531 4143 1675 4208 quod
1703 4143 1869 4192 verba
1900 4158 2014 4207 quse
2044 4143 2301 4193 audierat
2325 4143 2528 4192 recila-

401 4219 488 4269 bac
518 4222 853 4273 (Incolumi.
896 4221 1173 4284 Fanum„
1210 4236 1301 4288 ap.
1348 4223 1668 4283 MunATom,
1701 4223 1898 4275 Rerum
1943 4223 2063 4277 ital.
2102 4224 2314 4292 script„
2355 4225 2392 4273 ί.
2431 4223 2525 4285 ΙΧ,

398 4314 451 4366 p.
478 4304 605 4363 127).
