3109 4950
884 455 944 502 S.
997 455 1285 503 Auronn
1333 456 1658 504 Laesum
1705 458 1948 519 pamfli,
1999 438 2085 507 43
2440 438 2565 507 109

521 595 587 662 8.
625 593 911 670 Sublata
955 593 1169 685 igitur
1197 619 1319 687 spe
1359 596 1542 665 omni
1573 607 1642 665 et
1681 597 1924 665 fiducia
1965 597 2328 666 admodum
2384 597 2565 665 frus·

428 711 642 783 trata,
684 701 920 769 infelix
960 702 1202 771 mulier
1242 727 1487 773 manus
1516 704 1588 772 in
1628 728 1703 773 se
1744 704 2082 773 convertit
2122 714 2212 784 et,
2249 704 2566 773 invocato

430 807 616 877 beati
668 809 952 877 Antonii
1008 809 1299 896 nomine,
1345 812 1417 879 in
1474 811 1724 880 flumen
1746 825 1804 887 α,
1854 810 2032 902 quod
2080 811 2345 902 prope⁶
2383 812 2568 879 viam

428 916 691 984 fluebat
713 929 765 1003 ⁶,
808 916 1229 1008 praecipitem
1279 942 1353 986 se
1398 918 1610 987 dedit.
1654 922 1720 987 9.
1767 917 2102 988 Videntcs
2132 929 2382 996 autem,
2418 943 2569 1009 quae

432 1022 755 1103 aderant,
799 1024 1120 1093 mulieres
1152 1025 1394 1094 mediis
1422 1025 1743 1096 fluctibus
1774 1049 1922 1094 eam
1943 1025 1980 1068 ἅ
2003 1025 2298 1094 volutari
2322 1039 2374 1104 θ,
2409 1049 2570 1093 exa-

434 1130 715 1199 nimatae
734 1131 776 1189 f
811 1133 952 1199 sere
980 1155 1122 1223 prae
1142 1146 1181 1191 ἕ
1221 1144 1525 1225 stupore,
1550 1133 1791 1225 rapido
1821 1157 2027 1201 cursu
2058 1132 2382 1200 advolant
2402 1132 2432 1175 Ι·
2473 1143 2567 1218 et,

434 1238 709 1306 feminei
762 1238 1044 1330 pudoris
1099 1240 1355 1320 oblitae,
1411 1239 1812 1308 madefactis
1868 1240 2186 1308 natibus¹
2241 1240 2367 1306 aci
2403 1239 2568 1307 totis

432 1345 774 1424 vestibus,
846 1345 1238 1415 obvolutam
1310 1347 1629 1415 fluctibus
1692 1347 2082 1415 extrahunt.
2153 1349 2254 1414 10.
2316 1348 2564 1434 Quam,

433 1477 641 1543 quum
674 1452 919 1522 educta
947 1464 1158 1534 esset,
1201 1455 1272 1521 in
1310 1454 1539 1522 littore
1578 1454 2016 1528 collocantes,
2047 1453 2289 1521 mirum
2330 1476 2568 1520 revera

437 1559 617 1650 quod
679 1566 929 1628 narro!
1000 1562 1268 1630 caeteris
1326 1573 1561 1629 vestes
1619 1586 1783 1631 suas
1842 1560 2449 1651 contorquentibus
2503 1569 2570 1627 et

439 1690 772 1757 aquarum
804 1668 1068 1759 copiam
1108 1668 1384 1737 nimiam
1417 1669 1889 1750 educentibuS‚
1932 1667 2174 1735 mulier
2203 1667 2356 1758 ipsa
2379 1667 2409 1723 Ι
2447 1690 2571 1734 nec

426 1773 672 1841 filum*
737 1774 1193 1867 subtegminis
1267 1776 1655 1844 humectum
1730 1776 1995 1844 habens
2072 1775 2352 1842 inventa
2432 1783 2565 1841 est.

442 1885 545 1948 11.
625 1883 715 1949 Et
780 1881 1077 1973 quidem,
1154 1882 1312 1950 licet
1333 1884 1378 1963 ²,
1455 1883 1808 1974 Scriptura
1887 1893 2090 1960 teste,
2154 1881 2573 1973 gradientes

434 1989 861 2080 simplicitet·
879 2003 1214 2081 protegat
1251 1991 1604 2058 Dominus
1629 2004 1674 2033 '¹²
1695 1992 1746 2077 2,
1790 1990 2043 2057 factum
2080 1999 2311 2057 tamen
2338 1988 2575 2079 hujus-

442 2095 705 2164 cemodi
732 2109 764 2138 ¹⁸
798 2120 930 2164 non
970 2096 1038 2163 in
1068 2098 1630 2187 consequentiam
1659 2096 2067 2166 trahendum
2098 2096 2565 2187 proponimus,

442 2204 615 2270 Nam
646 2213 716 2271 et
746 2202 1044 2272 fatuitati
1075 2204 1305 2295 potius
1334 2228 1537 2296 quam
1577 2205 1815 2272 virtuti
1846 2228 1987 2271 rem
2021 2214 2291 2294 gestam
2318 2202 2573 2269 adscri-

439 2309 709 2391 bimus;
748 2309 868 2377 sed
908 2310 1225 2378 nimirum
1263 2311 1564 2380 invocati
1617 2311 2037 2380 sanctissimi
2070 2310 2287 2401 patris
2329 2310 2573 2377 merita

441 2415 566 2485 hoc
619 2417 801 2509 apud
848 2421 1065 2487 Deum
1115 2418 1498 2489 obtinuisse
1541 2418 1926 2501 credimus;
1970 2418 2341 2509 quoniam⁰
2389 2440 2573 2485 verae

443 2539 765 2616 semper?
795 2525 1255 2617 simplicitatis
1286 2526 1696 2597 zelatorem?
1736 2527 1951 2594 fuisse
1985 2549 2116 2593 non
2147 2525 2565 2593 dubitamus.

1109 2861 1230 2921 43.
1280 2862 1387 2920 De
1424 2860 1829 2935 naufragis
1860 2868 1908 2920 r,

534 3091 592 3156 1.
663 3091 892 3170 Forte,
950 3088 1056 3156 die
1116 3089 1477 3180 quadam⁸,
1530 3089 1664 3157 viri
1725 3101 1793 3158 et
1851 3090 2197 3171 muliereS‚
2254 3097 2576 3158 numero‘

446 3194 711 3263 sermea
770 3194 1023 3285 viginti
1064 3219 1208 3276 seit,
1250 3207 1326 3264 ut
1376 3195 1707 3264 Venetias
1761 3197 1964 3279 irent,
2017 3197 2197 3288 apud
2254 3209 2574 3265 sanctum

498 3420 541 3453 a.
565 3410 670 3454 Alc.
695 3409 794 3461 286,
820 3409 954 3462 Luc„
982 3409 1094 3455 Pad.
1118 3409 1344 3466 flumine.
1374 3434 1429 3444 —
1467 3411 1510 3455 b.
1536 3410 1653 3457 Luc.
1676 3417 1873 3468 praeter.
1901 3435 1955 3445 —
1979 3423 2023 3458 c.
2055 3412 2187 3457 Paris
2209 3414 2344 3467 quod
2365 3414 2576 3469 prseter-

447 3480 641 3535 nuebal.
666 3503 722 3514 —-
762 3481 812 3525 d.
848 3480 981 3525 Paris
1022 3482 1187 3538 ipsam
1236 3486 1289 3527 m
1333 3483 1514 3527 mediis
1555 3484 1810 3540 fluctibus.
1853 3507 1908 3517 —
1949 3496 1991 3529 e.
2033 3485 2137 3528 Alc.
2179 3486 2260 3529 ‘286
2305 3484 2575 3540 voluptari.

445 3552 547 3607 -Ῑ,
572 3554 674 3598 Alc.
698 3553 782 3598 286
805 3553 1118 3598 examinatae.
1142 3577 1197 3586 —
1219 3565 1266 3608 9.
1288 3555 1392 3599 Alc.
1416 3556 1496 3601 286
1525 3568 1638 3611 pro.
1661 3579 1715 3588 —-
1742 3557 1792 3599 h.
1821 3555 1935 3600 Luc.
1959 3557 2175 3600 advolat.
2206 3579 2258 3588 --
2288 3556 2319 3599 ι’.
2347 3555 2460 3600 Pad.
2484 3568 2574 3599 om.

447 3623 642 3669 natibus
666 3636 743 3668 ac.
768 3647 824 3657 —
851 3624 895 3680 j.
924 3624 1055 3668 Paris
1086 3624 1195 3682 ipsa
1232 3626 1434 3671 mulier.
1460 3650 1513 3659 --
1555 3627 1602 3670 h.
1629 3628 1731 3672 Alc.
1753 3628 1834 3671 ‘28ss
1857 3630 1904 3671 et
1932 3626 2064 3670 Paris
2101 3628 2281 3682 silium.
2306 3651 2359 3660 --
2384 3628 2416 3672 l.
2445 3627 2578 3671 Paris

446 3706 531 3739 om.
556 3696 688 3741 licet.
713 3719 768 3728 —
797 3707 865 3740 m.
884 3696 1019 3740 Paris
1040 3697 1287 3742 Dominus
1308 3698 1541 3754 proteoit.
1569 3698 1698 3744 Cette
1722 3699 1903 3742 citation
1937 3700 1992 3742 de
2019 3699 2256 3743 l'Ecriture
2279 3700 2421 3743 sainte
2446 3711 2502 3742 ne
2527 3712 2577 3741 so

448 3768 597 3810 trouve
640 3780 724 3823 pas
760 3769 877 3812 dans
915 3769 958 3811 le
998 3771 1115 3812 texte
1155 3770 1402 3813 d’Ancone.
1427 3793 1481 3802 —
1503 3782 1551 3813 n.
1584 3769 1696 3814 Luc.
1723 3770 2036 3825 hujusmodi.
2061 3794 2114 3803 —
2152 3784 2195 3815 0.
2232 3771 2344 3815 Pad.
2371 3776 2417 3814 et
2446 3770 2578 3814 Paris

446 3850 604 3892 quem.
629 3863 686 3872 —
720 3852 774 3895 p.
803 3839 920 3885 Luc.
957 3854 1046 3885 om.
1085 3852 1300 3898 semper.
1332 3842 1434 3886 Alc.
1461 3842 1542 3886 286
1567 3842 1700 3897 apres
1736 3853 1939 3898 semper
1981 3843 2084 3886 add.
2111 3843 2263 3886 enim.
2290 3866 2343 3874 —
2372 3854 2417 3897 q.
2446 3843 2580 3886 Paris

446 3909 748 3956 humilitatis
789 3911 1053 3957 cultorem.
1087 3935 1141 3945 -
1164 3925 1205 3957 r.
1238 3912 1352 3958 Luc.
1391 3916 1438 3957 et
1473 3913 1606 3957 Paris
1642 3926 1732 3958 om.
1771 3926 1821 3956 ce
1851 3913 1971 3958 titre.
2008 3937 2062 3946 —
2097 3924 2138 3957 s.
2175 3912 2288 3957 Pad.
2327 3914 2461 3967 Fuit,
2500 3914 2580 3958 die

446 3984 679 4036 quadam.
708 3983 843 4028 Paris
868 3985 1089 4038 quadam
1117 3984 1267 4030 etiam
1293 3984 1391 4029 die.
1416 4008 1469 4017 —
1498 3987 1531 4030 t.
1560 3984 1691 4029 Paris
1717 3997 1806 4029 om.
1833 3996 2063 4030 numero.
2087 4009 2141 4018 —
2169 3997 2217 4029 u.
2251 3985 2381 4028 Paris
2405 3985 2526 4040 sere.

506 4149 550 4196 1.
582 4146 659 4197 Ce
694 4146 869 4198 detail
898 4146 1121 4198 realiste
1155 4160 1291 4198 aura
1312 4147 1526 4213 choque
1551 4147 1602 4199 le
1628 4149 1841 4213 copiste
1874 4147 1947 4199 du
1974 4147 2076 4199 Ms.
2109 4146 2177 4198 de
2204 4146 2448 4209 pedone,
2480 4149 2577 4214 qui

446 4224 514 4277 l'a
541 4225 629 4278 bel
663 4230 721 4279 et
753 4226 883 4277 bien
913 4228 1077 4279 omis.

510 4309 555 4357 2.
578 4307 743 4359 Prov.
773 4307 847 4359 11.
881 4311 930 4358 7.
