3109 4950
531 421 657 488 108
984 441 1045 486 S.
1099 440 1388 486 Auroml
1436 440 1760 487 Laesum
1809 439 2054 498 Pamin,
2103 420 2194 485 42

521 580 706 649 beati
751 580 988 650 Jacobi
1044 579 1279 647 limina
1304 589 1336 624 ‘²
1376 579 1734 671 ipsamque
1773 577 2124 647 mulierem
2155 601 2385 647 secum
2415 585 2658 646 v'entu-

525 711 673 755 ram
729 687 873 754 fore
931 686 1322 778 spopondit.
1388 691 1453 756 3.
1510 688 1731 777 Super
1789 685 1971 777 quob
2030 710 2165 755 non
2228 685 2660 754 mediocriter

525 794 929 874 exhilarata,
966 793 1207 862 mulier
1236 795 1367 862 iter
1409 818 1634 880 suum,
1676 817 1810 885 quo
1859 793 2061 862 citius
2086 807 2113 837 ⁰
2154 794 2399 885 potuit,
2462 817 2658 862 acce-

523 902 772 971 leravit
811 913 900 980 et,
927 926 1051 993 pro
1092 902 1399 970 emendis
1437 902 2018 993 peregrinationis
2049 901 2267 982 vasiS‚
2302 901 2387 969 ad
2420 901 2661 969 civita-

525 1021 662 1077 tem
704 1008 1156 1077 Paduam-md
1207 1009 1429 1077 virum
1469 1009 1787 1100 precibus
1840 1008 2141 1078 deduxit.
2186 1012 2253 1076 4.
2300 1010 2658 1100 Quumque

526 1116 836 1207 profecti,
895 1116 1203 1205 junctis⁶
1244 1116 1376 1184 sibi
1433 1116 1667 1204 sociis,
1732 1140 1855 1207 pcr
1909 1116 2093 1183 viam
2153 1139 2304 1205 quae
2360 1115 2660 1183 Paduam

526 1224 743 1292 tendit
781 1233 1175 1314 pergerent,
1209 1234 1605 1315 conceptam
1645 1222 1892 1292 mentis
1933 1223 2240 1291 laetitiam
2281 1223 2521 1291 mulier
2551 1247 2660 1290 ce-

526 1333 669 1399 lare
702 1356 835 1399 non
866 1330 1279 1421 praevalens,
1325 1331 1393 1398 in
1427 1331 1642 1398 risum
1673 1333 1801 1399 ets
1839 1331 2198 1398 exterioris
2232 1330 2526 1399 hominis
2550 1330 2659 1421 ju-

530 1438 998 1507 cunditatem&
1020 1438 1245 1506 soluta
1266 1437 1323 1526 ἦ,
1359 1438 1588 1506 cordis
1616 1437 1978 1529 gaudiumi
1995 1438 2275 1506 insolita
2299 1437 2655 1505 alacritate

525 1545 859 1636 prodebat
877 1544 928 1612 Ι.
966 1549 1029 1614 5.
1077 1544 1278 1633 Quod
1319 1568 1524 1636 quum
1556 1546 1661 1612 vir
1693 1546 1841 1635 ejus
1881 1545 2319 1623 attendisset,
2356 1543 2657 1612 exsulta-

525 1653 735 1721 tionis
776 1662 986 1720 tantae
1044 1675 1270 1721 comes
1327 1652 1718 1743 impatiens,
1765 1652 2035 1720 mulieri
2084 1651 2298 1719 dixit:
2355 1654 2450 1719 Ut
2502 1651 2662 1742 quid

525 1770 628 1829 tot
683 1760 917 1828 verbis
966 1759 1125 1828 laeta
1181 1759 1483 1827 diffluis*
1535 1783 1641 1839 ac,
1695 1783 1878 1827 vana
1925 1758 2129 1826 eundi
2182 1782 2302 1849 spe
2352 1758 2664 1849 decepta,

530 1868 785 1934 risibus
848 1875 915 1935 et
971 1867 1359 1957 importuno
1408 1876 1616 1958 gestu
1668 1865 2184 1934 dissolveris‘?
2235 1864 2429 1933 Scias
2482 1888 2587 1931 me
2626 1889 2666 1931 a

529 1974 882 2066 proposito
941 1974 1364 2042 resiluissem
1422 1984 1491 2042 et
1547 1996 1976 2065 nequaquam
2025 1996 2158 2063 quo
2213 1982 2289 2039 tu
2338 1995 2667 2063 properas

528 2082 783 2150 iturum
823 2105 1010 2149 esse.
1885 2158 1889 2163 ,

540 2237 547 2246 -
620 2193 686 2258 6.
748 2189 1057 2257 Audiens
1109 2198 1335 2257 autem
1380 2189 1548 2274 haec‚
1614 2188 1851 2256 mulier
1906 2188 2135 2257 subito
2185 2186 2512 2278 expalluit
2568 2196 2659 2266 et,

531 2306 792 2364 mutato
838 2297 1059 2374 vultu,
1114 2296 1383 2363 tristem
1450 2297 1749 2362 animum
1816 2295 2247 2363 ostendebat.
2304 2295 2663 2385 Quumque

531 2403 999 2496 ejuscemodin
1039 2403 1147 2470 vir
1207 2417 1407 2470 eam⁰
1459 2403 1692 2471 verbis
1746 2426 2165 2494 exasperans
2214 2400 2660 2493 perstitisset,

529 2522 689 2603 post
717 2512 925 2602 longa
976 2511 1251 2579 tandem
1305 2512 1576 2580 silentia
1624 2511 2019 2603 objurganti
2061 2508 2462 2600 respondit:
2511 2508 2660 2576 Nisi

527 2619 943 2710 promissum
982 2619 1205 2686 mihil’
1234 2619 1813 2711 peregrinationis
1849 2642 2092 2686 munus
2136 2617 2314 2685 facto
2357 2639 2665 2706 compen·

532 2726 827 2807 saveriS,
884 2726 952 2793 in
1007 2727 1277 2794 nomine
1323 2731 1488 2797 Jesu
1543 2726 1809 2796 Christi
1863 2735 1930 2793 et
1981 2725 2165 2794 beati
2231 2722 2539 2803 Antonii,
2596 2722 2668 2789 in

533 2833 734 2924 aquis
799 2857 903 2901 me
962 2834 1589 2925 submergendam⁹
1648 2833 1949 2902 noveris.
2008 2836 2069 2901 7.
2132 2833 2227 2900 At
2274 2830 2385 2898 ille
2428 2829 2664 2897 verbis

532 2941 807 3032 ipsius'
845 2965 1275 3031 nequaquam
1324 2942 1525 3009 fidem
1573 2940 1908 3022 adhibuit,
1957 2939 2120 3031 quin
2163 2939 2419 3030 potiuS,
2483 2937 2671 3005 offir-

532 3058 719 3116 mata
775 3049 972 3129 facie,
1034 3048 1360 3116 stultam⁸
1415 3047 1861 3130 denuntians,
1925 3046 2337 3138 promissum
2400 3044 2667 3113 solvere

536 3165 931 3225 constanter
970 3156 1271 3247 negabat
1292 3162 1333 3223 ⁸.

586 3395 632 3427 a.
660 3381 793 3426 Paris
818 3380 1012 3425 iturum
1037 3382 1101 3426 ad
1133 3393 1187 3426 se
1219 3381 1535 3426 visitandum
1576 3380 1705 3425 beati
1725 3379 1904 3425 Jacobi
1942 3379 2209 3423 timina.-
2232 3377 2276 3423 b.
2295 3377 2411 3423 Luc.
2437 3376 2588 3433 quod.
2616 3398 2673 3409 --

535 3467 577 3499 c.
604 3454 715 3499 Luc.
741 3453 1061 3508 quantocius.
1095 3476 1150 3486 —
1172 3453 1221 3498 d.
1242 3453 1357 3498 Luc.
1382 3453 1584 3498 Paduae.
1612 3476 1667 3484 -
1691 3464 1731 3496 e.
1757 3452 1860 3496 Alc.
1884 3448 1966 3496 286
1987 3450 2189 3496 vinctis.
2207 3473 2262 3483 —
2287 3450 2321 3504 f.
2349 3448 2467 3493 Luc.
2491 3460 2580 3493 om.
2606 3451 2670 3493 et.

531 3550 586 3560 —
609 3539 655 3581 9.
684 3525 796 3569 Luc.
823 3529 869 3569 et
894 3524 1025 3569 Paris
1039 3525 1372 3580 jocunditate.
1410 3547 1465 3556 —
1503 3526 1552 3568 h.
1580 3524 1713 3568 Paris
1746 3522 1911 3567 solita.
1952 3545 2004 3554 --
2033 3522 2064 3565 i.
2093 3521 2204 3565 Luc.
2231 3520 2433 3577 gaudio.
2457 3543 2511 3552 -—
2532 3519 2574 3574 j.
2602 3518 2673 3563 Le

534 3600 653 3641 texte
692 3598 923 3640 d'Ancone
961 3598 1085 3639 omet
1120 3598 1189 3640 les
1231 3594 1395 3639 details
1437 3595 1515 3651 qui
1544 3592 1799 3651 precedent,
1827 3607 1906 3637 sur
1935 3595 1978 3637 la
2016 3592 2278 3635 conver-sion
2305 3592 2364 3635 du
2389 3592 2504 3635 mari
2534 3594 2582 3634 et
2606 3591 2676 3634 les

534 3667 804 3724 preparatifs
833 3669 892 3711 du
922 3679 1118 3721 voyage:
1158 3668 1189 3710 il
1225 3665 1405 3711 resume
1444 3667 1736 3721 simplement
1757 3666 1873 3709 ainsi
1898 3667 1941 3708 le
1966 3662 2106 3708 debut
2128 3664 2182 3706 de
2213 3663 2458 3707 l'histoire:
2489 3661 2678 3706 Mulier

537 3740 767 3795 quaedam
819 3740 882 3783 de
933 3739 1101 3782 Monte
1153 3738 1321 3788 Silice,
1364 3740 1461 3782 iter
1506 3738 1701 3793 faciens
1759 3748 1937 3780 versus
1985 3735 2216 3779 Paduam
2255 3745 2374 3778 cum
2417 3734 2527 3777 viro
2563 3744 2678 3777 suo,

534 3812 894 3856 comitantibus
932 3810 1062 3859 aliis,
1107 3813 1509 3866 pras-conceptam
1551 3810 1733 3853 mentis
1778 3820 1882 3852 suae
1929 3806 2152 3851 laetitiam
2190 3806 2356 3850 verbis
2397 3809 2444 3850 ct
2488 3805 2678 3850 risibus

534 3883 853 3934 ostende-bat,-
905 3881 1123 3926 maritus
1170 3881 1305 3925 enim
1353 3882 1463 3936 ejus
1506 3892 1672 3936 nuper
1712 3884 1828 3924 ante
1868 3877 2177 3934 promiserat
2218 3878 2354 3932 quod
2391 3877 2457 3921 ad
2508 3878 2678 3921 sancti

534 3954 712 3998 Jacobi
728 3952 981 3996 visitanda
998 3964 1171 3996 secum
1189 3952 1369 3996 limina
1386 3952 1551 4008 ipsam
1572 3954 1790 4003 duceret,
1812 3954 1866 3995 ut
1881 3950 2158 4006 petebat.—
2175 3949 2221 3994 k.
2241 3947 2355 3993 Luc.
2376 3947 2676 4003 diffluisses.

533 4049 586 4057 —
604 4025 635 4068 Ι.
662 4024 795 4068 Paris
820 4024 1009 4067 risibus
1032 4025 1325 4078 importuna
1354 4023 1733 4067 dissolveris‚—
1764 4033 1832 4066 m.
1859 4023 1963 4065 Alc.
1987 4022 2067 4065 ‘286
2093 4020 2328 4065 resilisse.
2353 4032 2470 4063 -η,
2490 4018 2604 4062 Luc.
2629 4022 2679 4063 et

536 4097 669 4140 Paris
709 4095 1078 4148 hujuscemodi.
1102 4118 1156 4127 —-
1188 4106 1233 4139 o.
1262 4094 1393 4138 Paris
1421 4107 1511 4138 om.
1536 4094 1617 4137 vir
1640 4105 1766 4137 eam.
1793 4117 1845 4125 -
1871 4105 1923 4148 p.
1951 4092 2083 4136 Paris
2110 4104 2200 4135 om.
2227 4091 2372 4135 mihi.
2396 4113 2449 4122 —-
2468 4101 2513 4145 q.
2539 4089 2674 4141 Luc.,

538 4167 651 4211 Pad.
678 4170 725 4210 et
754 4166 886 4210 Paris
922 4167 1345 4221 submerycndam
1384 4177 1480 4209 me.
1519 4188 1573 4197 —
1614 4178 1656 4209 r.
1687 4164 1820 4208 Paris
1859 4163 2013 4207 iltius.
2037 4186 2091 4195 —-
2132 4175 2173 4207 s.
2212 4163 2316 4206 Ale.
2342 4162 2423 4207 286
2458 4165 2504 4204 et
2542 4160 2676 4205 Paris

536 4238 770 4283 stultum.
809 4241 918 4282 —t.
960 4236 1073 4281 Luc.
1111 4238 1305 4282 solvere
1342 4247 1666 4292 nequaquam
1713 4235 1938 4291 neyabat.
1988 4234 2101 4279 Pad.
2145 4235 2435 4279 constanter
2478 4231 2674 4277 solvere

536 4310 762 4366 negabat.
