3109 4950
631 417 761 488 210
988 438 1048 486 S.
1101 438 1391 486 ΑΝτοΝῐι
1440 439 1763 486 monum
1815 444 1848 482 (ε
1901 439 2323 486 nnmomus
2366 444 2402 482 »

1646 828 1760 927 Β.

722 1126 783 1191 1.
836 1123 1214 1203 Attendite,
1266 1122 1516 1191 fratres
1581 1122 1946 1200 carissimi,
2009 1122 2349 1189 hominem
2403 1122 2760 1213 pacificum

628 1239 695 1297 et
733 1253 894 1297 vere
925 1230 1188 1298 cunctis
1229 1229 1588 1297 amabilem
1629 1229 2025 1313 Antonium,
2071 1229 2229 1319 quia
2269 1253 2394 1296 nec
2434 1230 2760 1319 praelatus

630 1360 754 1404 nec
785 1336 1096 1428 superior
1134 1336 1265 1404 sibi
1303 1336 1646 1405 licentiam
1686 1360 1974 1427 erogare
2005 1337 2305 1422 volebat,
2348 1360 2566 1427 neque
2600 1360 2762 1403 con-

631 1443 857 1512 silium
896 1443 1180 1512 aliorum
1230 1443 1514 1511 fratrum
1566 1443 1638 1510 in
1687 1443 1814 1510 hoc
1853 1444 2328 1529 concurrebat,
2389 1467 2510 1509 nec
2555 1443 2760 1511 etiam

629 1550 1129 1618 concanonicus
1169 1552 1317 1641 ejus
1377 1550 1760 1618 absentiam
1793 1551 2203 1618 sustinebat.
2254 1552 2320 1619 2.
2366 1552 2540 1617 Puto
2580 1550 2762 1640 quod

628 1682 763 1725 non
795 1658 943 1725 sine
983 1658 1182 1749 gravi
1221 1681 1533 1739 moerore,
1580 1681 1715 1724 non
1754 1657 2013 1749 absque
2046 1680 2298 1749 magna
2328 1657 2760 1724 lacrimarum

628 1764 982 1845 effusione,
1044 1788 1179 1832 non
1240 1764 1389 1832 sine
1446 1788 1699 1855 magna
1758 1764 1971 1831 totius
2031 1763 2431 1831 monasterii
2490 1763 2763 1830 desola-

628 1872 839 1957 tione,
897 1871 1104 1939 talem
1161 1871 1387 1938 virum
1442 1870 1901 1959 dimittebant,
1947 1895 2145 1962 quem
2195 1871 2264 1938 in
2312 1871 2507 1938 brevi
2549 1882 2762 1939 recto-

627 2002 769 2046 rem
797 1977 1104 2070 ejusdem
1133 1978 1264 2046 loci
1294 1977 1545 2046 habere
1576 1977 1895 2046 idoneum
1927 2002 2000 2046 se
2033 1978 2427 2047 credebant.

1654 2309 1760 2407 Ε.

722 2617 782 2682 1.
836 2615 897 2682 Ο
945 2614 1221 2683 beatum
1268 2614 1513 2694 virum,
1571 2639 1610 2682 a
1660 2614 1923 2682 cunctis
1973 2614 2214 2682 merito
2272 2614 2757 2688 extollendum.

627 2721 1023 2809 Antonium,
1073 2721 1187 2812 qui
1245 2721 1411 2789 totis
1464 2721 1862 2812 praecordiis
1902 2721 2271 2789 affectabat
2307 2745 2432 2811 pro
2477 2721 2762 2790 Christo

626 2827 855 2896 subire
921 2829 1369 2920 martyrium!
1434 2828 1569 2897 Sed
1609 2828 1780 2896 mira
1834 2827 2053 2919 ipsius
2111 2828 2481 2896 ineffabilis
2528 2829 2763 2919 provi-

625 2935 881 3014 dentia,
923 2946 999 3003 ut
1029 2935 1414 3003 evidentius
1446 2935 1716 3003 demum
1746 2934 2014 3015 claruit,
2050 2936 2639 3025 eumbreservabat
2669 2936 2757 3003 ad

623 3041 900 3110 utiliora
936 3042 1008 3110 in
1047 3043 1455 3133 proximum,
1498 3042 1770 3133 quando
1810 3042 1880 3110 in
1920 3042 2155 3110 multis
2201 3042 2389 3110 orbis
2441 3042 2758 3133 partibus

688 3331 733 3379 1.
771 3328 847 3379 Le
876 3329 1152 3392 fragment
1180 3328 1226 3379 D
1270 3331 1357 3380 est
1397 3328 1626 3392 designe
1666 3341 1876 3380 comme
1907 3341 1966 3380 se
2002 3328 2244 3379 referant
2282 3341 2481 3380 encore
2510 3343 2582 3379 au
2620 3330 2756 3380 cha-

623 3409 767 3474 pitre
788 3409 856 3460 de
888 3409 942 3459 la
967 3408 1201 3474 legenda
1217 3407 1406 3474 prima
1430 3424 1449 3458 .·
1477 3408 1753 3474 Quomodo
1784 3408 2034 3458 ordinem
2063 3408 2329 3460 Fratrum
2357 3408 2637 3460 Minor-um
2668 3410 2756 3460 ἰη-

625 3490 813 3540 travit.
860 3489 936 3540 Le
974 3490 1120 3540 texte
1163 3487 1403 3553 complet
1431 3487 1620 3539 devait
1660 3488 1903 3552 signaler
1946 3491 2296 3553 auparavant
2337 3489 2643 3540 l’entrevue
2681 3489 2753 3540 du

622 3570 771 3620 saint
808 3583 945 3620 avec
986 3569 1067 3619 les
1099 3569 1295 3620 Freres
1325 3569 1569 3619 Mineurs
1599 3568 1667 3619 de
1698 3568 1975 3631 Coimbre,
2015 3568 2070 3619 la
2114 3570 2416 3620 resolution
2458 3569 2592 3634 qu'il
2644 3560 2757 3634 p'rit

620 3649 859 3702 d'entrer
887 3648 1027 3700 dans
1055 3649 1256 3700 l’ordre
1282 3648 1633 3710 francisc-ain,
1664 3650 2017 3716 l'opposition
2043 3664 2151 3715 que
2180 3649 2261 3710 nt,
2293 3651 2411 3700 tout
2439 3649 2686 3708 d’abord,
2722 3652 2754 3701 a

619 3743 719 3781 son
751 3731 952 3796 depart
978 3730 1029 3781 le
1058 3731 1345 3795 superieur
1375 3730 1473 3781 des
1501 3729 1817 3781 Chanoines
1841 3730 2108 3793 reguliers
2133 3733 2190 3782 et
2219 3730 2272 3780 la
2311 3730 2574 3781 reflexion
2605 3725 2756 3782 mor-

619 3811 785 3861 dante
816 3809 883 3861 de
923 3810 1033 3860 l‘un
1071 3810 1139 3860 de
1165 3823 1256 3861 ses
1292 3810 1516 3861 enciens
1560 3811 1838 3861 coniteres
1879 3824 1890 3859 :
1947 3810 2115 3871 Vade,
2144 3811 2303 3872 vade,
2330 3811 2461 3876 quia
2510 3812 2754 3875 forsitan

617 3895 848 3942 sanctus
878 3890 1012 3941 eris,
1056 3890 1143 3954 (V.
1177 3904 1380 3955 supra:
1412 3890 1541 3956 Leg.
1569 3877 1845 3956 prima,'5‚
1872 3902 1928 3940 n⁰
1948 3892 2046 3954 10.)

679 3976 727 4021 2.
766 3971 840 4021 Le
861 3971 1131 4034 fragment
1157 3971 1198 4019 E
1220 3973 1305 4021 est
1333 3971 1580 4036 indique,
1614 3970 1753 4021 dans
1783 3973 1938 4021 notre
1955 3971 2079 4033 Ms.,
2107 3984 2318 4021 comme
2339 3971 2660 4035 s'adaptant
2684 3985 2754 4021 au

615 4051 866 4116 chapitre
898 4051 966 4101 de
993 4051 1047 4101 la
1078 4051 1311 4115 legenda
1328 4051 1515 4117 prc‘ma
1550 4068 1566 4102 :
1588 4052 1863 4118 Quomodo
1890 4052 1991 4102 ivit
2009 4050 2384 4103 Marocclzium
2409 4056 2460 4102 et
2482 4052 2549 4101 de
2569 4052 2754 4102 reditu

614 4131 751 4196 ejuS.
782 4131 827 4181 Il
861 4131 976 4182 doit
1013 4132 1191 4182 servir
1228 4130 1296 4182 de
1327 4133 1722 4183 commentaire
1754 4145 1862 4181 aux
1891 4133 2275 4197 paragraphes
2312 4133 2408 4197 qui
2444 4131 2682 4182 relatent
2703 4132 2752 4181 le

615 4225 827 4276 voyage
858 4211 929 4262 du
959 4212 1106 4261 saint
1129 4224 1199 4261 en
1229 4212 1477 4277 Afrique,
1504 4225 1570 4262 sa
1608 4212 1868 4276 maladie,
1905 4226 2006 4263 son
2039 4211 2543 4278 rembarquement‚
2570 4226 2636 4263 sa
2665 4225 2752 4262 ve·

617 4306 724 4343 nue
755 4306 823 4343 en
852 4291 1037 4344 Sicile.
1070 4291 1138 4356 (V
1169 4305 1375 4357 supra:
1408 4293 1536 4359 Leg.
1565 4294 1771 4360 prima,
1802 4299 1849 4356 6,
1882 4304 1958 4344 ιν·
1984 4296 2116 4360 1-5.)
