3109 4950
902 437 963 485 S.
1015 437 1305 484 itu-roan
1354 438 1678 485 Leonum
1725 437 1969 496 raim,
2020 417 2100 484 21
2478 419 2566 486 63

438 577 578 644 cuit
629 600 855 645 sermo
894 601 1096 668 quem
1134 578 1488 659 dixerant3
1533 600 1691 646 nam
1732 587 1800 644 et
1844 575 2223 644 communis
2269 576 2569 645 omnium

434 684 685 752 civium
717 685 1060 753 sententia
1098 684 1243 753 haec
1290 684 1527 753 eadem
1567 684 2056 776 proclamabat.
2094 687 2161 754 8.
2201 687 2564 753 Instante⁰

434 790 651 880 igitur
692 791 914 859 noctis
944 801 1274 882 tempore,
1310 815 1433 860 nec
1485 814 1620 859 non
1650 791 1926 859 emissis
1952 790 1979 835 ὸ
2018 791 2267 868 turbis,
2313 792 2569 859 fratres

433 898 616 964 ostia
658 897 1013 966 domorum
1051 898 1374 966 claudunt
1407 922 1512 978 ac,
1537 922 1622 966 ne
1650 899 2010 967 occasione
2036 898 2267 991 aliqua
2294 913 2322 943 ⁶
2359 922 2567 990 popu·

432 1004 653 1071 lorum
693 1016 1166 1096 premerentur
1217 1005 1521 1086 incursu,
1571 1005 1884 1074 vectibus
1935 1016 2003 1073 et
2042 1005 2218 1074 seris
2266 1006 2567 1074 claustra

435 1112 925 1180 communiunt.
955 1115 1022 1181 9.
1068 1112 1294 1180 Media
1335 1123 1563 1181 autem
1603 1123 1824 1192 nocte,
1877 1136 2083 1204 quum
2122 1112 2344 1181 adhuc
2384 1113 2568 1204 vigi-

435 1217 537 1285 les
586 1217 1035 1287 observarent
1074 1218 1427 1304 excubias,
1467 1219 1858 1310 importuna
1895 1219 2298 1312 populorum
2335 1220 2563 1298 turba,

436 1324 779 1392 desiderio
822 1324 1101 1393 videndi
1151 1326 1515 1417 corporisd
1575 1336 1907 1404 aestuans,
1964 1327 2142 1395 facto
2199 1326 2454 1417 impetu
2498 1326 2568 1394 in

436 1430 711 1499 domum
762 1433 876 1499 ubi
938 1444 1295 1501 sanctume
1328 1432 1801 1524 requiescebat
1861 1456 2108 1525 corpus
2134 1433 2199 1513 f,
2263 1433 2462 1501 irruit
2499 1444 2569 1501 et

436 1538 768 1630 repagula
799 1540 1077 1607 omniag
1108 1540 1311 1607 simul
1363 1563 1514 1607 cum
1563 1540 1762 1608 ostiis
1829 1540 2257 1631 impudenter
2310 1540 2566 1608 confre-

434 1646 568 1736 git.
616 1649 721 1713 10.
767 1650 1126 1737 Quumque
1177 1647 1322 1737 jam
1378 1646 1607 1727 tertio,
1665 1646 1807 1715 haec
1856 1647 2093 1716 eadem
2145 1647 2564 1738 replicandO,

430 1752 559 1818 in¹⁸
599 1752 855 1843 impetu
894 1754 1227 1844 spirituas
1280 1753 1530 1821 fratres
1571 1753 2046 1835 lacessissent,
2087 1754 2325 1822 dictuJ'
2363 1754 2568 1822 mira-

432 1859 570 1927 bile
592 1864 605 1927 !
630 1884 753 1928 nec
783 1859 990 1928 semel
1015 1860 1287 1929 domum
1318 1860 1588 1953 ingredi
1615 1861 1755 1929 ullo
1786 1861 2140 1930 conamine
2165 1861 2566 1940 valuerunt;

434 1966 584 2045 sed,
614 1977 690 2033 ut
716 1967 990 2058 proprio
1023 1968 1523 2058 subsequenter
1544 1967 1574 2011 Κ
1601 1990 1718 2036 ore
1744 1968 2039 2036 confessi
2082 1979 2268 2048 sunt,
2312 1968 2569 2059 apertis

433 2072 663 2155 ostiiS,
710 2073 990 2142 stabant
1042 2074 1407 2165 stupefacti
1449 2085 1540 2156 et,
1586 2099 1792 2166 quum
1842 2075 2042 2166 plena
2081 2084 2269 2143 esset
2326 2075 2568 2142 domus

433 2180 690 2248 lumine
712 2183 758 2258 ἱ,
791 2181 1146 2249 introitum
1184 2205 1318 2249 non
1363 2182 1707 2263 videntes,
1741 2181 2121 2250 circuibant
2158 2182 2493 2274 aurugine
2523 2196 2568 2225 '¹‘

434 2287 783 2355 fascinati.

531 2399 638 2462 11.
705 2397 911 2462 Mane
967 2406 1196 2463 autem
1218 2409 1278 2475 η,
1318 2396 1401 2464 de
1462 2396 1765 2477 civitate,
1824 2396 2009 2464 villis
2049 2405 2116 2463 et
2163 2396 2440 2475 castris,
2483 2394 2569 2463 ad

434 2501 808 2569 videndum
836 2502 1221 2571 beatissimi
1239 2504 1522 2571 Antonii
1543 2528 1818 2595 corpuS,
1838 2503 2070 2595 populi
2096 2503 2332 2572 fideles
2362 2503 2571 2571 adve-

436 2609 635 2676 niunt
674 2619 743 2676 et
779 2608 893 2699 qui
927 2610 1137 2678 semel
1167 2609 1335 2687 illud
1366 2610 1473 2678 vel
1504 2622 1791 2702 tangere
1819 2626 1847 2653 ⁰
1878 2621 2243 2702 utcumque
2273 2621 2566 2701 poterat,

431 2715 713 2784 beatum
772 2740 847 2783 se
900 2716 1045 2784 sore
1101 2716 1571 2786 indubitanter
1626 2718 2045 2787 aestimabat.
2108 2721 2210 2786 12.
2273 2719 2403 2787 SiP
2455 2717 2570 2808 qui

430 2846 599 2891 vero
659 2846 802 2915 prae
850 2823 1281 2892 multitudine
1318 2824 1642 2893 accedere
1691 2849 1827 2893 non
1863 2824 2212 2908 valebant,
2255 2848 2465 2893 zonas
2506 2833 2574 2892 et

432 2929 740 3021 cingula,
775 2930 1065 2998 annulos
1104 2942 1173 2998 et
1211 2931 1513 3013 monilia,
1543 2932 1775 2999 claves
1806 2942 1875 2999 et
1897 2943 2147 3000 caetera
2172 2941 2574 3000 ornamenta

431 3061 555 3128 per
579 3036 928 3105 fenestras
953 3047 1019 3105 et
1047 3038 1229 3106 ostia
1258 3038 1521 3130 passim
1546 3038 2035 3130 projiciebant3
2066 3038 2341 3129 quidam
2378 3061 2567 3118 vero,

430 3143 717 3233 perticis
763 3144 907 3212 haec
954 3144 1109 3235 ipsa
1153 3145 1648 3236 appendentes,
1692 3144 2046 3213 inserenda
2097 3145 2569 3236 porrigebant,

432 3260 511 3318 ut
560 3261 933 3320 contactu?
960 3251 1415 3321 sacratissimi
1470 3252 1778 3344 corporis
1830 3252 2261 3320 sanctificata
2311 3251 2572 3342 recipe-

434 3369 617 3426 rent.

489 3621 535 3654 a.
564 3608 682 3653 Luc.
711 3608 967 3654 instantis.
1001 3632 1054 3643 —
1080 3610 1123 3654 b.
1160 3608 1277 3654 Luc.
1320 3613 1368 3655 et
1404 3610 1594 3654 missis.
1618 3633 1672 3643 —
1710 3621 1754 3655 c.
1793 3609 1927 3654 Paris
1949 3609 2122 3665 aliqua
2149 3608 2429 3655 occasione.
2450 3632 2503 3643 —
2522 3609 2572 3654 d.

438 3680 551 3725 Pad.
576 3683 625 3724 et
651 3680 787 3724 Paris
810 3693 1014 3737 corpus.
1039 3703 1092 3714 —
1117 3692 1158 3725 e.
1187 3681 1299 3725 Luc.
1325 3692 1370 3726 et
1396 3681 1529 3726 Paris
1555 3693 1780 3726 sacrum.
1805 3704 1859 3713 —
1893 3682 1928 3737 r.
1956 3680 2089 3725 Paris
2122 3693 2306 3736 corpus
2348 3682 2575 3736 requies-

438 3752 591 3796 cebat.
623 3774 679 3784 —
707 3764 754 3807 9.
784 3751 898 3795 Luc.
920 3764 1011 3796 om.
1045 3752 1235 3796 omnia.
1256 3775 1310 3785 —-
1338 3754 1387 3797 h.
1421 3754 1526 3797 Alc.
1562 3753 1643 3797 ‘286
1667 3765 1756 3796 om.
1785 3752 1853 3795 in.
1893 3774 1947 3785 -
1989 3752 2020 3796 i.
2059 3751 2166 3795 Nat.
2205 3752 2332 3797 14363
2367 3752 2570 3806 spiritu.

438 3821 575 3865 Paris
593 3836 685 3867 om.
712 3822 765 3866 in
788 3823 985 3877 impetu
1016 3822 1247 3878 spiritus.
1272 3846 1326 3857 -
1351 3823 1384 3872 i.
1406 3824 1609 3869 A10.286
1626 3823 1839 3869 dictum.
1861 3846 1914 3857 —
1939 3823 1986 3867 k.
2015 3823 2148 3867 Paris
2161 3836 2250 3866 om.
2267 3825 2575 3879 subsequen-

438 3898 526 3938 ter.
558 3918 613 3927 —-
653 3894 685 3938 1.
724 3894 862 3938 Paris
899 3893 1173 3938 luminum.
1209 3918 1263 3928 —
1290 3906 1360 3939 m.
1392 3894 1503 3940 Nat.
1540 3895 1672 3940 14363
1703 3895 1915 3939 auriota.
1968 3894 2082 3938 Luc.
2130 3895 2374 3951 auriyine.
2431 3896 2562 3939 Paris

435 3977 569 4020 austu
586 3966 731 4010 riem.
753 3989 805 3998 —
824 3978 875 4009 π.
902 3965 1035 4009 Paris
1053 3968 1124 4011 ad.
1143 3967 1292 4021 sacto,
1314 3978 1426 4010 —o.
1448 3966 1583 4011 Paris
1602 3970 1803 4021 tangere
1830 3967 1957 4011 illud
1981 3966 2154 4011 semel.
2181 3990 2235 3999 —
2251 3978 2304 4022 p.
2329 3967 2462 4010 Paris
2485 3980 2574 4012 om.

436 4037 497 4081 si.
520 4060 572 4069 —
590 4049 640 4092 q.
666 4038 771 4082 Alc.
798 4038 881 4082 *286
912 4040 1161 4082 contacta.
