3109 4950
737 485 796 532 s,
850 484 1136 531 amomi
1187 486 1509 532 mosum
1563 492 1594 528 α
1642 485 2062 532 clamemus
2107 492 2141 527 »
2370 466 2497 535 231

370 624 554 716 quod
593 624 774 692 nullo
814 634 923 692 est
968 635 1167 715 pacto
1222 624 1797 716 praetereundum.
1862 625 1975 693 42.
2042 626 2270 714 Quum
2321 625 2502 693 enim

371 732 756 801 dominator
784 731 897 799 ille
937 732 1274 823 superbus
1316 755 1395 800 ac
1434 732 1762 823 perfidu3‚
1797 731 2095 800 crudelis
2132 742 2501 824 tyrannus,

370 837 784 907 Eccelinus‘²
843 838 925 906 de
993 842 1322 920 Romano,
1383 839 1454 907 in
1519 838 1853 931 principio
1913 862 2056 907 suae
2110 839 2501 931 tyrannidis

371 944 628 1013 caedem
669 945 1011 1013 hominum
1048 945 1328 1014 fecisset
1364 946 1853 1036 permaximam
1891 946 1963 1014 in
2001 949 2302 1030 Verona,
2344 971 2503 1039 per-

373 1052 636 1144 cipiens
683 1052 812 1120 hoc
847 1063 1043 1144 pater
1088 1052 1471 1145 intrepidus
1520 1054 1608 1122 ad
1655 1055 1881 1145 ipsum
1929 1054 2000 1122 in
2046 1053 2284 1123 eadem
2328 1054 2498 1123 urbe

371 1159 672 1251 positum
716 1159 1171 1249 personaliter
1208 1160 1309 1230 ire
1347 1161 1740 1230 attentavit.

460 1270 571 1337 43.
617 1268 837 1354 Quem
886 1266 992 1336 his
1030 1267 1263 1336 verbis
1324 1268 1736 1360 aggreditur
1783 1268 2069 1337 dicens:
2128 1268 2190 1338 Ο
2228 1268 2498 1338 inimice

373 1374 524 1461 Dei,
608 1385 898 1466 tyranne
974 1374 1356 1443 saevissime
1422 1387 1491 1445 et
1553 1375 1792 1444 rabide
1858 1375 2075 1454 caniS,
2143 1400 2498 1469 quousque

372 1481 779 1572 sanguinem
837 1480 1361 1551 christianorum
1427 1486 1583 1568 [148
1622 1507 1661 1551 a
1713 1487 1777 1567 2]
1817 1482 2165 1552 innoxium
2214 1483 2499 1552 sundere

371 1612 507 1659 non
567 1589 931 1657 cessabis?
981 1590 1157 1656 Ecce
1196 1599 1425 1657 manet
1462 1589 1806 1658 sententia
1845 1588 2118 1657 Domini
2157 1588 2500 1658 horrenda

369 1706 438 1764 et
496 1695 867 1764 durissima
929 1718 1136 1786 super
1172 1706 1265 1764 te.
1322 1699 1432 1765 44.
1495 1696 1849 1788 Multaque
1888 1696 2023 1764 alia
2078 1694 2498 1788 gravissima

370 1812 436 1870 et
479 1826 730 1893 aspera
771 1800 1109 1870 infaciem
1143 1802 1275 1870 sibi
1315 1802 1509 1872 dixit.
1545 1802 2094 1873 Circumstantes
2134 1826 2300 1871 vero
2341 1828 2499 1872 sus-

368 1908 681 1978 tinebant
732 1920 809 1977 ut
856 1909 1129 2001 juberet
1181 1932 1359 1989 eum,
1403 1910 1583 1978 sicut
1619 1920 1770 1979 erat
1825 1910 2094 1998 solitus,
2136 1910 2492 1981 trucidari.

368 2019 478 2087 45.
538 2016 674 2085 Sed
735 2016 933 2084 aliter
978 2017 1231 2085 sactum
1288 2028 1420 2097 est,
1474 2017 1764 2085 Domino
1824 2016 2279 2109 disponente;
2339 2041 2497 2086 nam

365 2124 548 2192 idem
603 2134 970 2216 tyrannus,
1034 2148 1155 2214 per
1226 2123 1428 2215 hujus
1482 2124 1617 2193 viri
1688 2123 1814 2193 Dei
1868 2124 2082 2193 verba
2140 2135 2497 2217 correptus

369 2242 598 2323 atque,
663 2231 846 2298 omni
902 2230 1172 2299 feritate
1235 2229 1574 2321 deposita,
1637 2241 1713 2299 ut
1773 2253 1998 2322 agnus
2053 2231 2365 2313 effectus,
2408 2232 2497 2301 ad

370 2340 617 2407 collum
654 2362 811 2407 mox
858 2326 1135 2430 cingulo
1182 2360 1507 2429 appenso,
1562 2361 1794 2406 coram
1829 2338 1981 2407 viro
2022 2340 2147 2408 Dei
2186 2349 2497 2431 prostra-

370 2457 510 2529 tus,
547 2446 813 2538 culpam
857 2470 1053 2514 suam
1096 2445 1268 2514 dixit
1307 2444 1675 2528 humiliter,
1710 2445 2273 2526 emendationem,
2299 2448 2496 2538 juxta

369 2556 518 2646 ejus
557 2554 1082 2645 beneplacitum,
1128 2553 1632 2644 repromittens.

450 2665 565 2731 46.
610 2660 1014 2752 Adjecitque
1048 2685 1062 2727 ε
1107 2661 1257 2730 Viri
1297 2660 1816 2741 commilitones,
1864 2684 1999 2729 non
2039 2661 2375 2729 miremini
2416 2685 2499 2729 ex

367 2768 517 2837 hoc.
553 2768 934 2839 Verissime
964 2767 1116 2835 dico
1130 2767 1354 2858 {vobis
1383 2767 1566 2859 quod
1595 2766 1739 2835 vidi
1772 2767 2132 2859 quemdam
2161 2768 2497 2859 fulgorem

367 2875 673 2943 divinum
713 2898 795 2941 ex
841 2874 1047 2964 hujus
1086 2874 1306 2965 patris
1356 2874 1550 2943 vultu
1598 2874 1990 2965 procedere,
2025 2875 2140 2967 qui
2179 2899 2285 2943 me
2326 2875 2498 2943 adeo

365 2981 736 3073 perterruit
774 2991 872 3061 ut,
907 2981 995 3049 ad
1025 2981 1245 3072 ipsius
1286 2981 1625 3049 visionem
1664 2981 2062 3061 terribilem,
2107 2982 2177 3049 in
2218 2982 2498 3073 profun-

368 3090 529 3158 dum
577 3088 825 3156 inferni
874 3111 981 3155 me
1021 3089 1251 3157 subito
1296 3088 1602 3181 demergi
1652 3100 2077 3180 putaveram.
2130 3092 2241 3158 47.
2286 3091 2377 3156 Et
2415 3113 2498 3157 ex

367 3206 530 3264 tunc
570 3195 642 3263 in
680 3195 975 3263 maxima
1014 3195 1374 3264 devotione
1431 3219 1584 3263 eum
1643 3219 1911 3287 semper
1969 3195 2208 3264 habuit
2263 3205 2493 3287 atque,

369 3301 596 3395 quoad
661 3302 840 3403 vixit
899 3302 1010 3369 vir
1074 3312 1384 3383 sanctus,
1444 3326 1483 3370 a
1542 3302 1777 3371 multis
1838 3326 1989 3393 quae
2054 3302 2356 3382 fecisset,
2421 3313 2500 3371 ut

369 3411 661 3501 ipsemet
700 3410 1065 3492 fatebatur,
1108 3421 1351 3501 postea
1390 3410 1508 3478 seb
1550 3410 1837 3478 retraxit
1874 3412 1917 3477 ¹.

603 3520 714 3586 48.
791 3517 915 3585 Hic
972 3520 1307 3608 namque‘2
1371 3518 1785 3608 praesignari
1850 3526 2078 3608 potest
2135 3541 2256 3607 per
2311 3516 2498 3584 illum

425 3711 469 3742 a.
495 3699 640 3742 Texte
668 3697 924 3743 Ezelinus.
945 3721 999 3731 —-
1028 3699 1072 3743 b.
1099 3698 1242 3743 Texte
1261 3711 1349 3742 om.
1376 3711 1446 3743 se.

434 3856 479 3902 1.
510 3855 600 3902 Au
631 3865 795 3902 cours
822 3851 892 3901 de
932 3854 1089 3903 notre
1118 3851 1508 3912 introduction,
1544 3865 1686 3902 nous
1716 3865 1890 3902 avons
1921 3851 2134 3914 signate
2163 3865 2226 3902 ce
2255 3852 2387 3915 qu’il
2413 3865 2442 3914 y
2470 3866 2504 3902 a

373 3932 890 3997 d'historiquement
932 3933 1061 3983 faux
1090 3935 1147 3983 et
1174 3932 1243 3983 de
1282 3932 1723 3983 fabuleusement
1753 3932 2068 3995 legendaire
2106 3932 2247 3983 dans
2278 3946 2340 3983 ce
2369 3935 2507 3983 recit

374 4012 442 4063 de
461 4013 762 4064 l'entrevue
782 4012 1077 4064 d'Antoine
1099 4027 1234 4064 avec
1254 4013 1522 4063 Ezzelin0.
1551 4012 1841 4078 L'episode
1862 4014 1947 4063 est
1968 4015 2191 4063 raconte
2211 4026 2278 4063 en
2303 4016 2503 4063 termes

377 4093 688 4159 identiques
718 4094 749 4142 a
780 4096 939 4145 notre
986 4095 1131 4144 texte
1164 4094 1305 4144 dans
1350 4095 1431 4144 les
1471 4093 1760 4145 additions
1790 4092 1858 4143 de
1899 4093 2145 4144 Lucerne
2179 4093 2267 4156 (V.
2300 4106 2500 4157 supra:

376 4172 641 4223 Addition
672 4173 745 4234 11,
775 4183 851 4222 η’·
880 4177 1041 4236 18·22)
1072 4176 1127 4224 et
1156 4174 1295 4223 dans
1326 4174 1376 4223 le
1410 4173 1573 4224 Liber·
1597 4173 1989 4223 miraculorum
2020 4173 2098 4235 (η’
2126 4174 2224 4237 35).

437 4256 483 4304 2.
517 4253 628 4304 Ces
656 4256 797 4303 mots
835 4266 903 4304 ne
931 4266 992 4303 se
1022 4254 1157 4304 lient
1184 4267 1286 4318 pas
1317 4266 1452 4305 avec
1480 4267 1542 4304 ce
1569 4254 1662 4317 qui
1694 4252 1960 4317 precede;
1995 4254 2032 4304 il
2063 4252 2273 4303 semble
2314 4253 2444 4317 qu'il
2476 4265 2506 4316 y

379 4332 455 4381 ait
482 4332 550 4382 ici
582 4345 692 4382 une
721 4332 935 4392 lacune,
966 4331 1093 4384 bien
1120 4347 1227 4397 que
1256 4334 1370 4384 rien
1403 4346 1472 4384 ne
1501 4333 1556 4384 la
1587 4332 1800 4396 signate
1825 4332 1966 4383 dans
1993 4334 2042 4384 le
2067 4334 2168 4384 Ms.
