3109 4950
579 401 707 469 136
1123 421 1183 468 s,
1237 422 1524 468 Amouu
1577 422 1899 469 Luci-:nm
1948 423 2163 469 Pam».

574 560 738 628 rari.
791 563 894 629 17.
940 564 1113 629 Nam
1156 560 1395 651 lingua
1441 562 1592 652 ejus
1636 572 1787 630 erat
1830 562 2033 629 nimis
2079 562 2310 631 brevis
2354 574 2423 632 et
2466 588 2707 655 parum

572 667 1009 759 proeminens
1062 668 1241 735 ultra
1294 677 1569 759 guttur3
1627 679 1778 737 erat
1831 669 2114 761 insuper
2152 670 2220 737 in
2271 670 2386 738 illa
2441 671 2707 739 modica

575 776 959 867 quantitate
998 775 1379 867 paralytica
1419 786 1487 844 et
1525 776 1726 867 quasi
1765 776 1851 845 ad
1890 776 2165 845 modum
2205 778 2368 846 vitis
2410 790 2704 857 retorta;

574 882 754 951 unde
798 893 866 951 et
917 883 1198 974 propius
1255 883 1546 951 intuenti
1604 884 1984 975 apparebat
2035 885 2342 975 apertius
2394 884 2589 953 arida
2643 896 2713 954 et

574 1013 861 1081 rugosa,
905 989 1084 1058 sicut
1133 990 1366 1081 plures
1418 990 1684 1059 nobiles
1742 1002 1812 1060 et
1860 991 1992 1059 fide
2050 991 2280 1083 dignae
2348 993 2706 1076 matronae,

576 1122 727 1189 quae
766 1096 892 1165 hoc
932 1097 1185 1165 clarius
1223 1096 1565 1179 viderant,
1595 1098 1995 1167 retulerunt.
2047 1102 2151 1168 18.
2188 1098 2504 1168 Surditas
2545 1124 2710 1168 vero

576 1205 703 1273 suit
733 1205 819 1272 ab
851 1204 1000 1295 ejus
1029 1203 1237 1272 sociis
1270 1204 1527 1295 pluries
1561 1215 1627 1273 et
1658 1205 1911 1273 certius
1952 1206 2431 1297 comprobata:
2468 1231 2710 1297 nempe

577 1311 664 1380 ad
731 1335 866 1379 non
931 1335 1301 1403 parvarum
1368 1314 1670 1381 sonitum
1744 1336 2255 1404 campanarum,
2315 1338 2488 1405 quas
2557 1315 2710 1405 ejus

577 1418 860 1487 auribus
898 1418 1362 1509 applicabant,
1406 1419 1770 1488 dummodo
1811 1444 1929 1488 eas
1971 1445 2106 1488 non
2145 1421 2436 1500 videret,
2475 1445 2599 1488 nec
2641 1421 2713 1489 in

578 1525 826 1616 capitis
865 1525 1189 1613 motione,
1214 1550 1336 1594 nec
1365 1525 1436 1593 in
1467 1526 1695 1617 aliquo
1726 1526 1929 1618 signo
1960 1527 2094 1596 alio
2123 1529 2500 1619 apparebat
2531 1529 2714 1619 quod

576 1632 832 1724 aliquid
872 1633 1254 1724 perciperet
1302 1657 1424 1724 per
1465 1633 1800 1702 auditum.
1851 1637 1954 1703 19.
2007 1637 2198 1703 Hanc
2250 1645 2478 1703 autem
2530 1636 2716 1703 veri·

577 1751 789 1808 tatem
821 1739 985 1808 dicti
1017 1740 1209 1819 socii,
1245 1741 1313 1807 in
1344 1740 1716 1832 praesentia
1748 1741 2003 1809 domini
2034 1742 2338 1833 episcopi
2374 1742 2711 1822 Paduani,

579 1870 685 1914 me
725 1856 902 1914 teste
942 1857 1012 1915 et
1052 1847 1365 1938 pluribus
1413 1847 1595 1926 aliis,
1630 1858 2079 1916 asseruerunt
2121 1859 2213 1928 et,
2252 1849 2338 1917 ad
2384 1850 2716 1940 majorem

578 1954 992 2038 firmitatem,
1030 1954 1234 2023 tactis
1266 1955 1735 2023 sacrosanctis
1774 1955 2250 2046 corporaliter,
2274 1956 2711 2046 juraverunt.

668 2065 779 2130 20.
813 2063 1039 2149 Quum
1065 2062 1280 2153 igitur
1306 2062 1531 2131 dictus
1554 2063 1833 2154 juvenis
1865 2063 1995 2149 sub
2025 2087 2186 2131 arca
2211 2063 2396 2132 beati
2431 2065 2717 2131 Antonii

581 2168 898 2236 devotius
964 2179 1442 2259 pernoctasset
1502 2180 1594 2250 et,
1667 2181 1932 2238 noctem
2012 2170 2474 2239 continuando
2547 2170 2712 2253 diei,

578 2299 797 2366 usque
841 2285 999 2367 post
1041 2300 1312 2353 nonam,
1356 2286 1501 2345 tota
1550 2276 1777 2344 cordis
1831 2277 2188 2356 instantia,
2233 2301 2412 2345 curae
2454 2278 2716 2346 benefi-

582 2383 758 2451 cium
806 2383 1212 2475 postularet,
1256 2384 1323 2450 vi
1371 2383 1668 2475 quadam
1708 2383 1938 2451 divina
1985 2384 2213 2453 subito
2261 2384 2715 2453 circumfusus

581 2501 651 2559 et
688 2514 1010 2581 magnam
1048 2491 1566 2560 commotionem
1596 2491 1667 2560 in
1706 2501 1848 2559 toto
1889 2516 2171 2583 corpore
2213 2493 2544 2571 sentiens,
2573 2503 2717 2561 tam

579 2598 649 2664 in
689 2598 910 2688 capite
949 2621 1152 2688 quam
1195 2598 1264 2665 in
1309 2599 1656 2683 membriS,
1690 2598 1964 2667 redacta
2006 2599 2245 2691 lingua
2283 2599 2371 2667 ad
2412 2599 2713 2668 debitam

579 2704 1056 2794 quantitatem,
1082 2704 1366 2796 loquelae
1399 2706 1655 2796 recepit
1683 2705 1974 2783 officium
2000 2717 2068 2774 et
2089 2705 2389 2774 auditus,
2413 2710 2523 2773 21.
2549 2706 2710 2792 Sed,

579 2820 657 2878 ut
697 2812 911 2902 major
949 2822 1137 2880 esset
1176 2812 1487 2879 miraculi
1537 2813 1899 2891 certitudo,
1934 2813 2170 2904 lingua
2200 2812 2495 2904 quadam
2537 2837 2718 2882 nova

579 2918 1011 3008 loquebatur,
1068 2918 1484 3009 intelligibili
1539 2919 1811 3010 quidem
1864 2920 2086 3010 plene,
2132 2919 2254 2987 sed
2303 2919 2487 2987 nullo
2531 2943 2718 2987 com-

581 3025 765 3092 muni
796 3022 1117 3093 idiomate
1148 3026 1662 3116 comprehensa.
1697 3026 2066 3094 Nesciebat
2094 3024 2298 3095 etiam
2332 3026 2464 3093 nisi
2496 3050 2718 3117 pauca

580 3132 915 3199 vocabula
966 3132 1052 3198 ad
1103 3156 1304 3199 usum
1352 3132 1673 3222 loquendi
1726 3134 2141 3212 necessaria,
2195 3133 2325 3202 sibi
2379 3132 2716 3201 divinitus

582 3238 943 3329 inspirata.
981 3243 1089 3306 22.
1137 3239 1246 3308 Ob
1277 3239 1450 3307 tanti
1491 3249 1716 3307 autem
1748 3241 2055 3308 miraculi
2087 3239 2496 3320 claritatem,
2530 3241 2713 3308 exhi·

582 3345 931 3413 larescunt
990 3346 1197 3414 corda
1258 3346 1544 3413 fratrum
1598 3347 1668 3414 in
1718 3347 2006 3415 Domino
2060 3357 2130 3415 et
2181 3348 2351 3414 miro
2416 3347 2716 3438 quodam

583 3477 663 3520 ac
733 3477 910 3521 novo
964 3454 1181 3545 jubilo
1247 3464 1388 3522 tota
1458 3453 1705 3522 civitas
1773 3454 2202 3545 perfunditur
2260 3465 2330 3522 ct
2381 3454 2710 3545 repletur.

579 3564 687 3628 23.
758 3563 1194 3629 Concurrunt
1266 3561 1614 3628 turmatim
1687 3561 1941 3652 populi,
2005 3570 2307 3629 rectores
2383 3561 2714 3629 ecclesia-

580 3690 754 3746 rum,
776 3667 1070 3757 judiceS,
1106 3668 1356 3736 milites
1389 3678 1455 3735 et
1484 3668 1842 3749 doctores3
1888 3679 1954 3736 et
1982 3668 2053 3735 in
2085 3667 2288 3760 signo
2320 3668 2713 3748 manifestO,

580 3774 758 3863 quod
803 3774 873 3841 in
916 3785 1076 3842 noto
1116 3775 1485 3843 cernebant
1524 3775 1820 3857 homine,
1859 3775 1984 3843 Dei
2030 3774 2376 3867 magnalia
2419 3785 2487 3843 et
2528 3776 2720 3844 beati

581 3881 863 3949 Antonii
890 3882 1129 3950 merita
1157 3882 1639 3973 praedicanteS,
1662 3883 1985 3973 juvenem
2024 3905 2106 3949 ex
2148 3892 2306 3950 tunc
2339 3883 2720 3950 Antonium

578 3999 1021 4069 vocaverunt,
1058 4013 1263 4081 quum
1304 3999 1508 4057 antea
1549 3992 1795 4057 Petrus
1834 3989 2176 4058 diceretur
2215 3991 2258 4058 ¹.

644 4208 690 4254 1.
727 4204 804 4256 Ce
836 4204 1059 4256 mir-acle
1106 4208 1190 4256 est
1238 4205 1361 4267 deja
1411 4205 1582 4256 relate
1630 4219 1733 4270 par
1778 4205 1918 4256 Jean
1965 4204 2200 4268 Rigauld
2245 4204 2388 4269 (cap.
2419 4205 2487 4265 X,
2516 4204 2605 4255 ed.
2639 4204 2722 4257 du

583 4283 644 4335 P.
674 4284 1006 4347 Ferdinand,
1048 4300 1102 4352 p.
1154 4286 1394 4351 140-144).
1453 4286 1532 4336 De
1581 4286 1636 4337 la
1683 4285 2070 4352 comparaison
2112 4285 2211 4338 des
2240 4284 2385 4338 deux
2416 4287 2613 4349 tenea,
2645 4284 2724 4339 de
