3109 4950
545 404 669 471 174
896 424 955 470 S.
1010 423 1299 470 ANTONII
1347 423 1669 469 LEGENDA
1736 426 1768 465 ((
1812 421 2233 469 BENIGNITAS
2279 428 2311 463 n

532 564 842 658 priorite'
865 564 948 630 de
988 573 1181 631 notre
1209 562 1524 655 legende.
1560 562 1756 633 Voiei
1796 562 2180 630 in-extenso
2217 562 2286 630 la
2325 561 2673 631 redaction

538 671 628 738 du
668 672 876 738 Liber
907 696 927 738 .·

627 779 875 846 Simile
905 779 1051 845 sibi
1085 778 1495 869 contigisse,
1533 778 1606 846 in
1635 780 2290 867 Montepessulan0‚
2321 779 2568 866 legitur
2607 778 2674 845 in

537 889 832 972 quadam
874 887 1026 974 eJus
1063 887 1289 956 sancti
1328 889 1609 972 legenda
1652 887 1781 956 boc
1822 889 2025 956 modo
2050 911 2072 955 .-

632 1006 966 1087 'l'empore
1023 1022 1157 1088 quo
1213 1009 1498 1072 sanetus
1556 1002 1890 1073 Antonius
1946 1003 2230 1089 legebat,
2296 1002 2362 1071 in
2418 1004 2676 1071 Monte-

536 1114 926 1194 pessulen0,
979 1110 1270 1196 contigit
1325 1130 1481 1178 eum
1540 1109 1932 1194 praedicare
1986 1112 2204 1178 semel
2259 1109 2326 1176 in
2379 1112 2673 1195 quodam

536 1218 827 1286 solemni
864 1218 1034 1288 festo
1089 1217 1205 1286 ubi
1251 1220 1481 1287 clerus
1531 1225 1601 1286 et
1646 1219 1940 1301 populus
1990 1218 2237 1286 aderat
2284 1216 2670 1286 universus.

539 1327 997 1410 Inchoatoque
1058 1343 1403 1407 sermone,
1474 1324 1786 1393 occurrit
1858 1324 2212 1393 memoriae
2288 1323 2673 1412 injunctum

537 1433 671 1501 sibi
708 1433 1053 1517 quoddam
1095 1432 1396 1501 officium
1436 1451 1517 1499 ex
1548 1430 1883 1500 oblivione
1919 1431 2123 1500 alteri
2159 1430 2438 1499 minime
2478 1450 2678 1500 com-

539 1539 839 1608 misisse.
888 1540 1141 1622 Nempe
1182 1557 1331 1609 mos
1368 1547 1520 1609 erat
1561 1537 1810 1607 ibidem
1862 1538 1929 1605 in
1981 1538 2362 1623 praecipuis
2415 1537 2679 1606 festivi-

538 1646 795 1715 tatibus
822 1648 996 1715 duos
1038 1645 1340 1731 insignes
1365 1645 1621 1714 fratres
1654 1644 1720 1711 in
1753 1645 1963 1714 missa
1993 1652 2371 1714 conventus
2405 1645 2678 1712 alleluia

536 1761 858 1836 cantare5
900 1759 1200 1838 tuncque
1242 1752 1360 1821 Dei
1398 1753 1650 1821 famulo
1691 1752 1820 1821 hoe
1858 1751 2156 1821 officium
2200 1751 2666 1821 incumbebat.

534 1862 681 1944 Quo
739 1881 820 1929 ex
888 1861 1017 1928 hoc
1077 1859 1362 1928 nimium
1424 1861 1720 1942 dolente,
1773 1880 2013 1946 seque,
2079 1858 2302 1945 quasi
2363 1858 2679 1925 dormire

540 1969 759 2044 vellet,
790 1987 1005 2051 supet·
1030 1967 1369 2052 pulpitum
1405 1966 1828 2045 inclinante,
1860 1973 2070 2050 caput
2098 1984 2368 2051 quoque
2397 1965 2678 2049 caputio

536 2074 904 2162 confestim
947 2074 1328 2163 operiente,
1376 2073 1480 2139 vir
1516 2073 1650 2139 Dei
1693 2073 1941 2139 eadem
1994 2073 2177 2139 liora
2222 2073 2413 2140 visus
2451 2086 2554 2139 est
2598 2072 2668 2138 in

537 2182 835 2248 ecclesia
872 2181 1187 2268 fratrum
1229 2193 1528 2247 cantare
1567 2174 2061 2268 alleluia,'per
2092 2181 2382 2269 longam
2415 2180 2670 2246 lzoram

535 2311 831 2376 corpore
865 2289 934 2355 in
952 2289 1243 2378 pulpito
1268 2307 1502 2358 coram
1537 2301 1743 2354 tanta
1769 2287 2204 2357 multitudino
2217 2288 2668 2376 persistente.

540 2396 713 2464 Nulli
751 2418 918 2486 ergo
964 2396 1246 2464 dubium
1297 2395 1516 2484 qnod,
1557 2396 1741 2464 sicut
1791 2397 1967 2463 Deus
2018 2393 2453 2479 omnipotens
2503 2397 2673 2463 doc-

536 2512 757 2573 torem
825 2525 1147 2581 sacrum,
1227 2503 1546 2570 videlicet
1618 2504 1685 2573 S.
1766 2503 2229 2586 Ambrosium,
2308 2502 2673 2589 exsequiis

538 2612 611 2680 Β.
660 2610 933 2679 Martini
989 2612 1368 2679 transferre
1423 2611 1632 2678 voluit
1675 2616 1745 2679 et
1784 2612 1855 2679 Β.
1899 2618 2169 2694 patrem
2220 2609 2671 2679 franciscum

532 2718 820 2784 Arelate
881 2717 984 2784 ad
1038 2717 1438 2806 capitulum
1489 2717 1935 2806 provinciale
1991 2717 2282 2800 devexit,
2334 2718 2497 2786 dum
2553 2716 2669 2783 hie

532 2832 815 2894 sanctus
854 2828 938 2893 de
976 2826 1210 2894 crucis
1249 2823 1445 2894 titulo
1482 2824 1927 2908 praedicar-et,
1957 2824 2061 2894 sie
2093 2824 2463 2893 vener-abili
2504 2823 2673 2891 huic

540 2931 682 3000 viro
724 2932 1011 3000 mirifice
1040 2932 1352 3013 contulit,
1388 2934 1874 3001 demonstrans
1905 2932 2090 3016 quod
2116 2930 2376 3000 eisdem
2407 2931 2672 2999 sanctis

535 3039 602 3105 in
659 3037 924 3105 meritis
970 3039 1475 3122 quodammodo
1521 3037 1618 3103 sit
1661 3037 1994 3125 «vqualis.
2048 3038 2422 3123 Officioque
2474 3055 2672 3121 prae-

536 3145 749 3213 misso
789 3145 1152 3229 diligenter
1204 3146 1569 3228 complete,
1616 3143 1682 3212 in
1720 3164 1797 3213 se
1838 3145 2017 3213 illico
2060 3143 2359 3227 rediens,
2399 3143 2670 3228 praedi-

535 3252 874 3321 cntionem
915 3269 1120 3337 quam
1161 3258 1469 3335 coeperat
1509 3251 1632 3320 fuit
1669 3252 1939 3338 egregie
1973 3250 2456 3336 prosecutus¹.

627 3357 749 3439 Or,
794 3366 949 3424 tous
988 3356 1088 3423 les
1145 3379 1487 3448 passages
1542 3356 1895 3447 imprimes
1956 3354 2304 3423 ci-dessus
2358 3379 2440 3422 en
2499 3378 2667 3447 gros

537 3468 946 3542 can·actereS‚
1008 3466 1047 3529 ἐι
1103 3463 1319 3552 par-tir
1387 3463 1470 3530 de
1529 3467 1857 3554 Tempore
1911 3487 2055 3551 quo
2122 3476 2445 3540 sanctae,
2508 3471 2668 3529 sont

533 3571 702 3639 tir-es
737 3572 1261 3638 textuellement
1285 3570 1368 3636 de
1402 3580 1594 3638 notre
1625 3570 1911 3661 legende
1944 3571 2369 3661 Benignitas
2391 3572 2440 3638 2.
2473 3569 2669 3638 C'est

536 3677 733 3756 donc,
800 3677 1508 3752 incontestablement,
1572 3677 1696 3744 elle
1736 3677 1851 3767 qui
1904 3677 2388 3768 est⁰designee
2438 3700 2565 3767 par
2604 3676 2668 3742 le

531 3786 751 3852 Liber.
779 3784 950 3851 dans
1007 3807 1121 3850 ces
1178 3784 1504 3875 quelques
1555 3794 1733 3851 mots
1779 3784 1861 3851 de
1914 3784 2356 3874 preambule:
2419 3784 2670 3851 Simile

530 3892 677 3958 sibi
711 3893 1092 3981 contigisse
1131 3893 1379 3978 legitur
1429 3892 1493 3959 in
1540 3895 1833 3977 quadam
1884 3894 2037 3980 ejus
2081 3892 2306 3961 sancti
2353 3893 2664 3977 legenda,

535 4001 666 4068 hoc
707 4003 933 4067 modo,

596 4205 639 4252 1.
675 4202 838 4253 Liber
870 4202 1015 4262 mir„
1042 4212 1098 4251 η·
1122 4207 1167 4251 8.

596 4287 641 4331 2.
678 4282 810 4346 1,ρς.
843 4282 1189 4348 Benignilas,
1222 4281 1260 4331 Ρ
1291 4285 1381 4331 146
1414 4281 1450 4330 b
1480 4286 1507 4331 2
1536 4285 1593 4334 et
1621 4286 1708 4332 147
1740 4295 1773 4332 a
1802 4283 1859 4343 1;
1904 4281 2198 4344 mirabilia,
2229 4292 2306 4331 η’·
2334 4285 2441 4332 3·7.
