3109 4950
877 419 939 465 S.
990 419 1279 468 Ana-omn
1325 419 1650 466 mosum
1701 419 1942 478 rumix,
1993 400 2080 467 28
2449 399 2538 469 79

404 581 555 626 sam
615 557 764 627 sieri
829 557 1070 639 voluit,
1129 569 1206 626 ut
1266 569 1412 628 tota
1469 559 1671 627 simul
1723 582 2002 650 operum
2041 558 2539 627 consummatio

406 665 654 757 gratiae
674 664 1039 733 tribuenda
1062 676 1407 734 noscatur.
1431 667 1496 733 4.
1533 668 1707 732 Nam
1733 674 1801 733 et
1824 676 2206 756 opportuno
2236 676 2538 757 tempore

408 772 946 840 misericorditer
967 786 997 816 ‘²
1032 772 1248 840 adsuit
1286 782 1355 840 et
1383 771 1470 840 ad
1502 773 1724 840 sancti
1757 772 2039 840 Antonii
2077 772 2540 841 canonizatio-

407 903 559 947 nem
624 902 838 947 unum
904 902 1137 947 eorum
1192 903 1314 970 per
1367 879 1706 947 visionem
1768 878 2168 947 mirabiliter
2240 878 2531 947 induxit.

406 992 469 1055 5.
513 987 715 1054 Visio
758 996 984 1054 autem
1022 987 1270 1076 capitis
1301 987 1450 1077 ejus
1480 986 1626 1054 haec
1658 986 1804 1055 suit.
1849 986 2066 1066 Vidit,
2113 996 2182 1054 et
2223 1009 2376 1054 ecce
2416 986 2540 1054 do-

406 1094 633 1161 minus
663 1117 869 1184 papa,
912 1092 1416 1184 pontificalibus
1460 1093 1694 1161 insulis
1735 1093 2123 1175 decoratus,
2166 1093 2251 1161 ad
2291 1117 2533 1162 conse-

410 1200 781 1269 crandam⁶
824 1200 1180 1269 ecclesiam
1222 1225 1345 1268 nec
1376 1214 1557 1267 non‘·
1606 1201 1823 1269 altare
1854 1211 2136 1292 paratus
2167 1200 2533 1283 adstabat3

410 1331 610 1397 quem
627 1306 1121 1375 venerabilium
1142 1331 1392 1375 corona
1411 1306 1858 1376 cardinalium
1874 1308 1934 1386 ά,
1953 1308 2172 1377 sacris
2192 1306 2540 1401 mysteriis

410 1438 490 1480 ex
519 1437 709 1482 more
732 1414 1231 1500 ministratura,
1256 1415 1578 1506 cingebat
1603 1428 1652 1482 θ.
1689 1418 1754 1484 6.
1779 1416 2387 1506 Appropinquante
2417 1438 2541 1482 au-

410 1531 543 1589 tem
586 1520 1125 1590 consecrationis
1163 1521 1356 1600 hora,
1400 1546 1707 1589 summus
1747 1522 2048 1612 pontifex
2079 1521 2430 1612 reliquias,
2459 1545 2542 1588 ex

410 1652 597 1697 more
640 1629 713 1695 in
770 1628 971 1697 altari
1030 1627 1423 1697 condendas
1446 1628 1510 1709 s,
1554 1628 1937 1720 requisivit.
1999 1631 2092 1695 At
2133 1628 2278 1697 illie
2319 1627 2542 1697 nullas

408 1735 683 1803 omnino
749 1759 823 1803 se
871 1735 1122 1803 habere
1177 1735 1501 1826 reliquias
1536 1759 1709 1827 quas
1751 1745 2081 1827 ponerent
2136 1735 2544 1827 singillatim

408 1843 827 1934 respondere
855 1843 911 1911 ²¹.

498 1952 563 2017 7.
610 1950 730 2016 Ille
768 1973 958 2031 vero,
1002 1948 1409 2041 quaerentisi
1466 1972 1652 2018 more
1698 1949 1767 2017 in
1811 1950 2090 2018 diversa
2127 1950 2352 2018 ferens
2384 1972 2546 2017 con-

410 2056 681 2135 tuitum,
718 2055 893 2124 vidit
936 2056 1257 2125 fortuitus
1299 2057 1502 2124 funus
1545 2080 1794 2124 novum
1825 2056 1855 2100 ¹³
1884 2056 2110 2125 vicino
2141 2058 2372 2148 jacere
2400 2056 2545 2124 ins-

410 2163 603 2231 titisl
640 2162 929 2252 ligatum
959 2187 975 2245 ;
1006 2162 1216 2254 ‚quod
1255 2187 1411 2231 mox
1445 2177 1491 2206 ”¹
1530 2173 1607 2231 ut
1631 2177 1662 2206 ’⁸
1701 2163 2022 2244 vidisset,
2077 2164 2220 2232 ait:
2287 2163 2546 2231 Afferte

412 2271 669 2338 celeres
700 2269 1024 2361 reliquias
1064 2270 1191 2338 has
1231 2294 1472 2353 novas,
1509 2281 1587 2338 ut
1622 2270 1692 2338 in
1746 2270 1947 2339 altari
1988 2270 2363 2339 condamus
2395 2294 2539 2339 eas,

413 2381 478 2445 8.
528 2378 715 2465 Qui⁰
755 2401 961 2468 quum
1006 2378 1235 2445 visum
1285 2378 1489 2445 funus
1522 2400 1656 2445 non
1709 2401 1866 2445 esse
1905 2377 2229 2469 reliquias
2287 2376 2546 2446 instan-

417 2495 579 2552 terl’
633 2484 1162 2554 asseruissent:
1216 2485 1488 2573 Tollite,
1546 2484 1792 2576 inquit,
1844 2485 2305 2553 velamentum
2361 2500 2545 2576 quo‘l

413 2592 674 2682 tegitur
723 2603 789 2659 et
827 2591 1055 2661 videte
1096 2595 1338 2660 saltem
1402 2592 1725 2683 quidnam
1769 2591 1860 2660 sit
1907 2591 2089 2682 quod
2129 2592 2545 2661 intrinsecus

412 2697 603 2767 latet.
648 2702 716 2767 9.
750 2699 841 2766 At
880 2698 1002 2780 illi,
1034 2698 1122 2766 ad
1152 2722 1399 2790 corpus
1429 2699 1830 2767 accedentes
1847 2698 2068 2790 pigris
2103 2699 2465 2790 gressibus
2491 2712 2542 2780 r,

412 2805 608 2874 inviti
648 2806 1029 2896 procedunt
1066 2817 1158 2887 et,
1202 2806 1399 2896 juxta
1437 2818 1876 2898 praeceptum,
1928 2830 2228 2898 pannum
2268 2829 2401 2897 quo
2440 2806 2547 2873 in-

413 2912 969 2980 volutum·fuerat
995 2912 1323 2982 velociter
1353 2913 1623 2981 tollunt.
1668 2916 1770 2981 10.
1806 2912 2007 3001 Quod
2038 2936 2244 3005 quum
2284 2913 2546 2983 discoo-

410 3020 808 3110 peruissent
859 3030 975 3087 et³
1013 3019 1268 3089 nullam
1325 3019 1599 3111 penitus
1662 3019 2119 3110 corruptionis
2170 3020 2546 3089 foeditatem

413 3127 829 3207 sensissent,
864 3127 1214 3195 conversis
1246 3135 1265 3168 ¹
1296 3125 1383 3194 ad
1412 3150 1660 3218 corpus
1712 3126 1883 3194 visae
1941 3126 2244 3218 reliquiae
2284 3126 2355 3194 in
2392 3136 2549 3197 tan-

413 3244 556 3301 tum
585 3234 991 3324 placuerunt
1026 3246 1126 3312 ut,
1178 3258 1251 3302 se
1285 3244 1516 3302 mutuo
1561 3232 2087 3324 praevenienteS‚
2133 3232 2294 3325 quid
2339 3234 2493 3325 quis
2517 3248 2548 3278 ‘²

414 3340 687 3409 tolleret
717 3340 1171 3410 decertarent.

510 3452 615 3516 11.
663 3447 773 3515 Ad
804 3471 1005 3539 qnam
1036 3447 1605 3530 concurrentium,
1634 3457 1710 3516 ut
1736 3447 2124 3529 videbatur,
2154 3471 2550 3539 pressuram

471 3666 515 3697 a.
546 3652 661 3698 Pad.
680 3652 1035 3698 misericordia
1056 3652 1163 3698 Dei.
1178 3677 1233 3686 —
1270 3653 1314 3699 b.
1337 3653 1432 3699 Les
1452 3654 1570 3698 Mss.
1587 3664 1665 3698 ont
1698 3654 2116 3699 consecrandam.
2139 3653 2553 3698 Consecrandum

421 3724 556 3768 seruit
582 3725 686 3780 plus
708 3734 881 3768 correct
902 3724 929 3767 ὲ
948 3736 1083 3768 cause
1108 3726 1168 3768 du
1191 3735 1283 3769 mot
1303 3726 1545 3770 altare.—
1564 3738 1608 3770 c.
1628 3725 1745 3769 Luc.
1762 3735 1807 3769 et
1833 3726 1944 3769 Pnd.
1959 3737 2053 3769 nec
2079 3737 2179 3769 non
2200 3728 2261 3769 et.
2278 3748 2331 3757 —
2347 3726 2396 3770 d.
2421 3724 2555 3768 Paris

420 3796 764 3839 cardinalium
804 3807 1005 3840 corona.
1030 3819 1085 3828 —
1111 3808 1152 3840 e.
1184 3795 1281 3839 Les
1318 3795 1435 3842 Mss.
1464 3797 1521 3841 de
1550 3797 1779 3849 Lucerne,
1811 3798 1866 3841 de
1901 3796 2086 3841 Padoue
2118 3808 2162 3841 et
2195 3798 2251 3841 de
2284 3797 2328 3840 la
2367 3797 2556 3841 Faculte

423 3878 694 3920 protestante
719 3867 774 3909 de
801 3866 933 3910 Paris
966 3870 1164 3921 ajoutent
1199 3867 1260 3910 ici
1297 3877 1413 3911 cette
1442 3868 1638 3923 phrase:
1669 3869 1810 3912 Inter
1833 3879 1958 3923 quos
1987 3868 2230 3913 dominus
2261 3867 2360 3920 ille,
2386 3867 2554 3922 officio

420 3941 504 3982 aut
532 3938 781 3993 dignitate
812 3949 914 3981 non
949 3938 1177 3990 ullImus,
1206 3937 1428 3982 vestibus
1462 3939 1627 3983 sacris
1658 3939 1883 3991 indutus,
1911 3939 2300 3983 ministraturus
2326 3939 2552 3983 accessit.

423 4031 471 4041 -
503 4010 538 4063 f.
566 4009 679 4053 Luc.
710 4009 925 4053 condiri.
959 4032 1013 4040 —
1039 4021 1085 4064 9.
1114 4008 1229 4053 Luc.
1260 4009 1405 4054 nuni.
1434 4033 1489 4042 —
1516 4011 1565 4053 h.
1597 4010 1728 4062 Luc„
1767 4010 1899 4061 Pau..
1932 4011 2066 4054 Paris
2093 4011 2477 4067 responderunt.
2502 4033 2555 4042 —

426 4079 457 4123 ι’.
498 4079 609 4125 Luc.
644 4083 941 4136 quaerentes.
975 4103 1028 4113 —
1052 4080 1097 4135 j.
1136 4081 1239 4125 Alc.
1266 4082 1346 4127 286
1376 4081 1616 4136 surluitu.
1657 4104 1712 4114 -—
1749 4081 1795 4126 h.
1820 4081 1955 4125 Paris
1986 4093 2177 4126 recens.
2202 4104 2255 4114 —
2293 4082 2323 4125 l.
2347 4082 2450 4125 Alc.
2476 4082 2555 4126 28ss

425 4151 627 4196 vestitis.
647 4174 701 4185 —
717 4163 787 4195 m.
812 4153 922 4196 Alc.
940 4152 1023 4197 ‘286
1046 4163 1201 4196 more.
1221 4175 1274 4185 —
1298 4164 1349 4197 n.
1373 4152 1505 4205 Luc„
1532 4153 1664 4206 Pad„
1687 4152 1822 4196 Paris
1845 4163 2020 4207 quum.
2040 4176 2093 4185 —
2117 4164 2161 4197 0.
2184 4152 2301 4197 Luc.
2322 4152 2472 4207 quod.
2500 4174 2554 4184 —

426 4234 473 4278 p.
495 4222 627 4267 Paris
644 4236 737 4268 om.
763 4223 1031 4268 instanter.
1047 4246 1101 4257 —
1115 4235 1162 4279 q.
1190 4223 1325 4268 Paris
1347 4235 1467 4269 cum
1489 4235 1606 4278 quo.
1626 4246 1680 4256 —
1708 4237 1750 4268 r.
1775 4224 1882 4268 Alc.
1901 4225 1980 4269 286
1995 4223 2293 4279 cyr-essibus.
2314 4246 2366 4258 -
2389 4234 2429 4267 s.
2446 4224 2552 4268 Alc.

429 4294 504 4340 286
524 4307 613 4340 om.
634 4298 697 4340 et.
715 4316 772 4329 —
794 4298 828 4341 t.
850 4296 956 4341 Alc.
973 4295 1053 4341 286
1071 4295 1319 4341 conversi.
1335 4316 1390 4330 —
1406 4306 1459 4341 u.
1478 4295 1585 4341 Alc.
1604 4296 1686 4343 286
1707 4293 1966 4351 quicquid.
1993 4294 2113 4340 Luc.
2141 4295 2256 4351 quis
2280 4295 2420 4351 quid.
