3109 4950
479 430 610 497 220
836 449 893 495 S.
948 448 1238 495 Aua-omn
1287 448 1608 495 Laesum
1661 454 1695 490 (ι
1738 448 2158 494 sumemus
2210 454 2243 491 υ

478 587 935 657 demoliuntur
986 587 1258 656 vineam
1304 587 1576 656 Domini
1638 587 1956 668 sabaoth,
2017 587 2415 678 pestiferam
2480 586 2615 654 sci-

479 695 639 764 licet
669 694 1144 763 haereticorum
1184 694 1584 785 progeniem
1629 703 1698 761 et
1737 694 1948 761 falsas
1989 718 2222 761 eorum
2261 692 2615 761 doctrinas

479 827 602 894 pro
642 802 909 870 viribus
950 825 1371 893 expugnare,
1419 801 1727 868 funditus
1775 801 2129 868 destruere
2170 811 2374 892 atque
2427 800 2613 867 radi-

482 909 660 977 citus
698 909 1105 999 exstirpare.
1137 913 1203 976 2.
1239 907 1619 976 Nonnullos
1660 908 1866 975 etiam
1906 908 2355 977 fabricatores
2400 907 2616 975 haere-

484 1039 660 1095 sum,
694 1016 809 1107 qui
854 1026 922 1083 et
971 1015 1447 1083 haeresiarchae
1485 1026 1847 1093 vocantur,
1882 1016 1951 1082 in
1990 1014 2259 1105 publica
2304 1014 2617 1105 disputa-

481 1123 692 1205 tione,
748 1122 820 1189 in
875 1121 1212 1191 Ariminio
1278 1133 1347 1190 et
1402 1120 1655 1190 Tolosa
1725 1146 1802 1189 ac
1859 1121 2273 1202 Mediolan0‚
2330 1132 2398 1189 et
2451 1145 2615 1188 vere

483 1230 842 1298 manifeste
899 1228 1194 1296 convicit
1249 1238 1316 1296 et
1375 1252 1648 1297 errores
1696 1252 1930 1297 eorum
2001 1253 2230 1298 coram
2298 1228 2615 1297 omnibus

484 1337 832 1407 refutavit.

571 1449 636 1515 3.
700 1444 893 1511 Adeo
958 1443 1279 1511 suffultus
1333 1454 1480 1512 erat
1537 1443 1922 1512 efficacibus
1978 1442 2337 1533 scripturae
2397 1466 2616 1511 sacrae

486 1550 1037 1632 auctoritatibuS,
1116 1561 1185 1618 et
1259 1550 1694 1619 evidentibus
1762 1575 1840 1619 ac
1916 1549 2156 1617 solidis
2233 1549 2620 1617 rationibus

484 1657 964 1736 communitus,
993 1657 1175 1748 quod
1206 1657 1519 1749 quisquis
1553 1657 1915 1725 nefandam
1954 1656 2268 1725 haeresim
2303 1656 2621 1748 sapiebat

482 1777 643 1834 ante
698 1765 922 1856 ipsum
965 1775 1150 1832 stare
1191 1788 1325 1832 non
1374 1763 1696 1846 audebat,
1734 1788 1855 1832 nec
1908 1788 1986 1832 os
2038 1786 2236 1832 suum
2279 1766 2436 1847 [146
2477 1787 2517 1831 a
2556 1766 2622 1846 2]

483 1873 749 1964 aperire
802 1872 1143 1939 ullatenus
1192 1871 1675 1962 praesumebat,
1725 1882 1802 1939 ut
1847 1870 2056 1963 digne
2111 1871 2396 1938 verbum
2448 1868 2614 1938 illud

483 1978 891 2048 dominicum
934 1979 1004 2046 in
1050 2002 1128 2046 eo
1168 1978 1638 2046 verificaretur
1676 1978 2033 2069 discipulis
2080 1977 2611 2069 repromissum:

482 2092 637 2177 Ego
693 2087 885 2154 dabo
941 2086 1135 2153 vobis
1186 2109 1267 2153 os
1323 2100 1387 2153 et
1437 2086 1874 2176 sapientiam
1921 2087 2043 2154 cui
2086 2108 2229 2153 non
2279 2098 2620 2174 poterunt

484 2194 810 2261 resistere
872 2215 999 2260 nec
1056 2192 1549 2260 contradicere
1614 2216 1858 2260 omnes
1922 2193 2375 2260 adve1·sa1·ii¹
2434 2191 2616 2258 veri-

483 2300 674 2367 tatis,
746 2303 809 2366 4.
868 2299 1260 2367 Illustratus
1327 2298 1576 2389 quippe
1639 2322 1936 2389 superno
1994 2298 2255 2367 Christi
2322 2297 2617 2366 famulus

479 2405 881 2500 jamdudum
920 2405 1221 2486 oracu10,
1262 2405 1774 2497 vulpecularum
1829 2404 2218 2496 hujusmodi
2259 2405 2430 2474 adeo
2477 2404 2619 2472 cal-

482 2514 619 2582 lide
668 2514 1038 2605 detegebat
1085 2513 1459 2592 versutiaS,
1504 2513 1994 2581 diabolicarum
2041 2513 2390 2581 fictionum
2440 2535 2617 2580 rese-

483 2621 683 2689 rabat
733 2620 1099 2710 nequitiaS,
1144 2620 1242 2687 sic
1281 2620 1719 2710 vituperabat
1769 2620 2070 2688 haereses
2123 2618 2619 2687 abominabiles

484 2739 554 2796 et
589 2727 962 2808 inauditaS,
1006 2726 1211 2818 quod,
1256 2726 1435 2794 sicut
1486 2727 1779 2818 ipsemet
1823 2726 2091 2818 publice
2137 2727 2505 2805 fatebatur,
2548 2726 2620 2793 in

481 2843 629 2902 toto
671 2834 879 2925 longo
924 2834 1199 2923 latoque
1251 2833 1414 2901 orbe
1455 2844 1794 2901 terrarum
1847 2857 1982 2901 non
2032 2845 2390 2924 supererat
2429 2832 2620 2924 quis·

484 2964 689 3034 quam
754 2940 870 3031 qui
935 2939 1192 3009 eisdem
1258 2951 1397 3008 tam
1474 2939 1816 3008 crudelem
1885 2951 2159 3032 tamque
2226 2940 2616 3008 continuam

484 3046 984 3139 persecutionis
1032 3047 1395 3139 procellam
1447 3071 1570 3138 pro
1624 3046 1739 3114 illo
1778 3057 2082 3138 tempore
2124 3057 2614 3125 commoveret;

484 3155 582 3222 ita
635 3153 816 3245 quod
865 3153 1152 3244 vulgato
1208 3153 1458 3244 ubique
1508 3153 1840 3222 vocabulo
1892 3153 2368 3222 haereticorum
2424 3152 2618 3220 inde-

486 3262 715 3329 fessus
764 3260 1048 3328 malleus
1096 3260 1472 3329 dicebatur.

576 3373 641 3436 5.
703 3369 1140 3458 Quapropter
1191 3366 1497 3435 nonnulli
1545 3391 1628 3434 ex
1678 3367 1850 3458 ipsis
1910 3390 2060 3435 cum
2114 3390 2347 3435 eorum
2395 3366 2618 3434 fauto-

487 3475 679 3542 ribus
758 3474 844 3542 ad
920 3473 1377 3541 obedientiam
1436 3484 1504 3541 et
1577 3472 1908 3541 unitatem
1977 3483 2236 3541 sanctae
2312 3473 2618 3541 ecclesiae

486 3580 1028 3649 revertebantur.
1063 3579 1263 3668 Quod
1294 3590 1370 3647 ut
1398 3579 1698 3648 evidenti
1732 3580 2056 3648 miraculo
2089 3589 2346 3670 pateat,
2371 3590 2620 3670 praeter

484 3688 673 3756 illum
748 3710 947 3777 quem
1008 3686 1077 3753 in
1135 3686 1468 3754 Ariminio
1528 3686 1867 3754 convertit
1928 3686 2015 3754 ad
2080 3710 2317 3754 veram
2384 3684 2612 3770 fidem,

486 3795 756 3863 nomine
790 3793 1241 3876 Bonovillum,
1288 3793 1370 3861 de
1416 3816 1548 3884 quo
1594 3793 1664 3861 in
1712 3792 2126 3884 praecedenti
2174 3791 2467 3883 legenda
2516 3803 2624 3860 est

480 4054 691 4121 prima.
731 4053 806 4104 Le
847 4054 1078 4119 copiste,
1122 4052 1220 4104 des
1264 4053 1396 4114 lors,
1448 4053 1534 4102 n'a
1575 4066 1676 4117 pas
1709 4054 1843 4117 juge
1878 4051 2124 4117 possible
2167 4052 2236 4101 de
2281 4051 2334 4102 le
2379 4051 2622 4115 signaler

488 4147 699 4186 comme
736 4146 795 4184 se
832 4133 1150 4184 rattachant
1189 4133 1221 4182 a
1253 4132 1327 4183 tel
1366 4147 1438 4183 ou
1469 4134 1543 4183 tel
1573 4132 1823 4198 chapitre
1857 4132 1926 4183 de
1965 4135 2108 4183 cette
2147 4130 2380 4194 legende
2410 4131 2622 4183 etune

488 4215 559 4266 l’a
588 4212 688 4264 fait
716 4212 981 4279 preceder
1003 4213 1271 4264 d’aucune
1301 4212 1481 4264 lettre.

552 4296 600 4345 1.
631 4293 767 4356 Luc,
794 4293 944 4356 XXI,
977 4296 1053 4345 15.
