3109 4950
539 415 627 482 64
1002 433 1058 480 s,
1114 432 1405 479 Art-roan
1454 432 1780 480 Leonam
1827 432 2065 496 emm,
2121 412 2206 478 22

656 839 775 899 22.
811 839 916 896 De
945 836 1380 898 turbatione
1413 836 1665 909 populi
1699 838 1775 897 et
1800 837 2131 896 adventu
2160 834 2490 895 ministri
2514 842 2566 894 ἃ.

636 1151 695 1216 1.
740 1150 1005 1216 Moram
1037 1158 1262 1215 autem
1294 1145 1584 1215 faciente
1614 1145 1956 1224 ministr0‚
1994 1144 2154 1236 quia
2185 1154 2456 1235 tempus
2485 1143 2674 1212 aesti-

538 1278 701 1321 vum
740 1265 887 1322 erat
948 1265 1018 1322 et
1068 1252 1486 1321 humandis(⁵
1527 1252 1927 1344 corporibus
1985 1251 2357 1331 inimicum,
2423 1252 2671 1318 fratres

542 1385 695 1429 eum
769 1362 837 1430 in
916 1360 1214 1452 capsella
1241 1374 1268 1403 ί·
1341 1360 1598 1452 lignea,
1679 1358 2245 1451 quemadmodum
2319 1356 2672 1426 turbatisd

538 1468 754 1555 licuit,
828 1468 1114 1536 celerius
1183 1467 1484 1535 condunt
1549 1490 1655 1546 ac,
1724 1464 2072 1557 paululum
2136 1467 2374 1534 fossae
2441 1465 2667 1544 humo,

542 1575 1035 1667 expectationis
1095 1575 1347 1666 gratia,
1419 1573 1764 1664 capsamf
1828 1574 2262 1644 submittunt.
2333 1576 2399 1641 2.
2471 1571 2671 1658 Quod

540 1707 745 1774 quum
809 1682 1059 1751 factum
1106 1681 1375 1761 fuisset,
1420 1680 1650 1749 subito
1702 1682 1933 1750 audita
1982 1691 2089 1749 est
2136 1704 2273 1748 vox
2328 1679 2665 1748 dicentis:

541 1791 992 1880 Asportatum
1058 1799 1165 1857 est
1230 1792 1518 1878 corpus!
1590 1791 1656 1859 3.
1727 1789 2107 1856 Audientes
2172 1787 2317 1854 haec
2391 1796 2673 1854 autem&

541 1897 798 1988 populi,
846 1920 999 1964 mox
1041 1896 1110 1964 in
1157 1896 1561 1963 seditionem
1612 1896 1826 1976 versi,
1870 1919 2021 1963 cum
2060 1893 2317 1985 gladiis
2365 1903 2433 1961 et
2472 1893 2673 1961 fusti-

540 2004 668 2071 bus
708 2004 778 2070 in
819 2003 1091 2071 domum
1135 2004 1420 2070 fratrum
1460 2002 1731 2071 irruunt
1778 2025 1882 2081 ac,
1927 2002 2209 2093 sepibus
2253 2011 2322 2068 et
2364 2000 2563 2068 ostiis
2603 2000 2672 2067 in

538 2121 793 2178 terram
822 2111 1156 2177 violenter
1181 2109 1490 2201 dejecti3‚
1517 2110 1604 2178 ad
1631 2110 1850 2178 locum
1873 2110 1943 2177 in
1961 2132 2094 2200 quo
2126 2130 2397 2176 sacrum
2423 2130 2669 2198 corpus

531 2217 808 2309 jacebat
856 2216 1270 2284 unanimiter
1327 2216 1830 2298 concurrunt&
1889 2216 2011 2283 sed
2050 2239 2173 2282 nec
2203 2213 2395 2305 prius
2426 2237 2465 2281 a
2508 2237 2669 2280 cou-

541 2336 760 2415 cept0‚
794 2323 991 2415 quid?
1028 2324 1309 2391 dicam?
1355 2323 1624 2391 furore¹
1668 2323 1805 2390 ans
1849 2323 2079 2414 potius
2130 2322 2336 2389 animi
2398 2321 2666 2389 fervore

538 2431 884 2500 desistunt
943 2430 1389 2522 quoadusque
1445 2453 1748 2522 capsam,
1813 2430 1882 2498 in
1940 2454 2075 2522 qua
2140 2428 2488 2520 pretiosus
2556 2429 2667 2497 ille

531 2539 805 2630 jacebat
834 2539 863 2583 k
934 2538 1301 2606 thesaurus
1324 2540 1369 2617 ί,
1451 2548 1706 2606 terram
1781 2537 2117 2606 fodientes
2208 2537 2565 2605 inveniant
2590 2551 2660 2603 m.

538 2650 605 2714 4.
681 2648 966 2713 Inventa
1031 2655 1257 2713 autem
1321 2644 1439 2712 illa
1461 2657 1491 2687 ἰ
1547 2644 1850 2735 pretiosa
1921 2644 2325 2737 margarita,
2381 2644 2668 2712 necdum

539 2753 867 2821 fratribus
897 2752 1077 2819 intra
1099 2775 1327 2820 arcam
1360 2775 1607 2842 corpus
1631 2751 1772 2819 sore
1794 2765 1823 2793 ⁰
1851 2751 2323 2820 asserentibus
2355 2751 2662 2827 credunt,

538 2860 702 2951 quin
741 2860 994 2950 potiuS‚
1028 2859 1311 2927 feriente
1336 2873 1374 2914 Ρ
1405 2858 1700 2949 desuper
1724 2858 1903 2949 palo,
1941 2858 2090 2926 soni
2118 2858 2451 2927 raucitate
2482 2857 2615 2926 sibi
2636 2870 2665 2913 ‘1

540 2966 975 3035 securitatem
1016 2966 1445 3056 promittunt.

590 3201 634 3233 a.
665 3189 730 3235 Ce
754 3188 959 3245 chapitre
981 3200 1171 3245 manque
1191 3188 1304 3232 dans
1324 3188 1428 3232 Alc.
1453 3188 1533 3232 293
1552 3197 1597 3231 et
1619 3187 1752 3232 Paris
1772 3199 1827 3232 eu
1848 3199 1937 3232 om.
1965 3186 2008 3231 le
2026 3186 2149 3231 titre.
2173 3208 2224 3221 —
2252 3186 2297 3231 b.
2322 3185 2438 3232 Luc.
2461 3197 2506 3230 et
2532 3186 2665 3232 Paris

547 3260 809 3305 humanis,
833 3276 882 3286 -
905 3272 948 3303 c.
978 3259 1111 3304 Paris
1132 3270 1300 3316 capsa.
1322 3275 1374 3287 -·-
1391 3259 1441 3303 d.
1468 3258 1583 3303 Luc.
1604 3269 1711 3313 prae
1734 3258 1911 3302 turbis.
1935 3274 1984 3285 ·-
2008 3269 2048 3302 e.
2073 3257 2207 3301 Paris
2232 3257 2384 3313 fosso.
2411 3274 2462 3285 -·
2488 3258 2522 3314 f.
2549 3257 2664 3302 Luc.

546 3332 837 3388 capsellam.
859 3348 911 3361 -
932 3344 979 3387 9.
1006 3330 1138 3375 Paris
1166 3333 1337 3375 autern
1364 3330 1484 3373 haec.
1506 3350 1560 3363 -·
1587 3331 1635 3375 h.
1657 3331 1761 3374 Alc.
1785 3330 1866 3374 286
1894 3332 2278 3373 concurrerunt.
2303 3349 2355 3362 —
2381 3328 2414 3374 i.
2442 3330 2547 3374 Alc.
2588 3331 2668 3375 286

537 3414 581 3447 et
606 3403 740 3447 Paris
762 3403 913 3458 quod.
934 3426 988 3435 —
1011 3401 1051 3456 j.
1090 3401 1203 3445 Luc.
1240 3406 1341 3446 aut.
1379 3421 1432 3434 —
1466 3402 1512 3445 1³.
1537 3401 1671 3453 Luc.‚
1707 3401 1817 3445 Pad.
1852 3401 2050 3445 latebat.
2076 3417 2129 3428 —
2160 3401 2191 3446 l.
2221 3401 2354 3445 Paris
2394 3402 2662 3445 thesaurus

537 3475 772 3519 conditus
792 3474 1010 3529 jacebat.
1035 3494 1085 3507 ·-
1108 3485 1175 3518 m.
1199 3472 1331 3516 Paris
1352 3472 1631 3517 inveniunt.
1651 3496 1704 3508 -
1720 3485 1768 3517 n.
1791 3472 1925 3516 Paris
1940 3484 2031 3517 om.
2053 3471 2157 3516 illa.
2185 3494 2236 3506 —
2255 3484 2300 3517 o.
2324 3471 2438 3518 Luc.
2467 3483 2512 3517 et
2537 3472 2670 3517 Paris

537 3545 645 3601 fore
677 3556 876 3601 corpus.
904 3565 956 3578 —
988 3555 1040 3600 p.
1064 3544 1197 3589 Paris
1215 3557 1304 3589 om.
1326 3543 1553 3599 feriente.
1576 3565 1627 3576 —·
1648 3555 1695 3598 q.
1719 3544 1854 3588 Paris
1877 3555 1967 3588 om.
1990 3542 2103 3589 sibi.

600 3737 646 3785 1.
679 3735 829 3786 Pour
873 3733 1001 3785 bien
1029 3733 1389 3799 comprendre
1437 3732 1517 3784 les
1568 3734 1761 3784 soenes
1808 3732 1876 3783 de
1907 3732 2202 3785 sanatisme
2237 3736 2291 3784 et
2318 3733 2388 3784 de
2415 3734 2662 3785 violence

537 3817 629 3880 qui
692 3818 887 3866 eurent
931 3814 1059 3875 lieu,
1104 3815 1138 3863 a
1186 3813 1427 3875 Padoue,
1478 3815 1511 3864 a
1559 3814 1853 3864 l’occasion
1896 3812 1995 3863 des
2041 3810 2359 3864 sunan-aines
2407 3809 2475 3860 de
2522 3811 2669 3860 saint

537 3896 795 3955 Autome,
828 3895 864 3945 il
894 3894 1010 3945 saut
1039 3907 1099 3944 se
1130 3894 1387 3959 rappeler
1428 3907 1565 3944 avec
1595 3894 1777 3958 quelle
1818 3896 2063 3958 passion,
2094 3891 2327 3954 aveugle
2358 3892 2413 3941 et
2454 3889 2669 3954 parrois

535 3979 850 4040 grotesque,
882 3975 963 4026 les
992 3988 1128 4038 gens
1159 3974 1231 4024 du
1263 3988 1450 4037 moyen
1477 3975 1581 4036 age
1611 3974 1964 4024 cherchaient
1993 3975 2026 4023 a
2051 3987 2110 4023 se
2137 3984 2400 4038 procurer
2429 3970 2540 4021 bon
2571 3972 2667 4033 gre

538 4056 646 4106 mal
693 4058 789 4120 gre
833 4056 930 4105 des
978 4054 1221 4119 reliques
1251 4058 1306 4104 et
1336 4055 1368 4104 a
1401 4056 1702 4119 S'emparer
1745 4052 1843 4104 des
1884 4071 1909 4101 ι(
1938 4068 2104 4118 corps
2134 4054 2311 4103 saints
2347 4068 2393 4101 n.
2441 4051 2526 4101 On
2558 4050 2670 4100 sait

535 4138 811 4187 comment
853 4135 932 4186 les
978 4136 1284 4185 Assisiates
1328 4135 1550 4184 avaient
1595 4136 1755 4199 poste
1799 4133 1897 4185 des
1940 4133 2142 4197 gardes
2178 4135 2378 4183 autom·
2420 4131 2488 4183 de
2519 4132 2670 4181 saint

536 4216 817 4279 FrancoiS,
865 4216 1068 4266 durant
1109 4228 1199 4267 ses
1246 4214 1526 4265 dernieres
1577 4213 1861 4275 maladieS,
1912 4227 2054 4279 pour
2095 4215 2211 4264 etro
2255 4211 2386 4263 bien
2434 4213 2559 4262 sors
2597 4211 2668 4261 de

536 4295 802 4362 possedcr
830 4309 891 4346 sa
926 4296 1203 4361 depouille
1244 4295 1493 4345 morlclle
1523 4294 1696 4360 (Sper.
1725 4295 1889 4365 perf„
1920 4308 2042 4359 cap.
2076 4294 2231 4345 XXII
2258 4295 2314 4344 ct
2344 4292 2561 4357 CXXI).
2585 4292 2666 4341 En
