3109 4950
620 458 747 525 118
1165 478 1224 523 S.
1280 477 1572 524 AN'ronn
1620 478 1944 526 LEGENDA
1993 479 2209 525 PRIMA

615 616 811 700 rexit,
858 626 926 684 et
964 615 1090 683 hoc
1130 615 1312 707 apud
1364 616 1741 684 Bononiam
1781 616 1850 684 in
1903 617 2290 710 theologica
2340 619 2662 688 facultate
2696 621 2741 686 ¹.

616 722 820 811 Quia,
865 722 1038 791 citra
1077 732 1367 802 monteS,
1401 723 1496 791 ihi
1538 723 1827 792 florebat
1870 725 2158 815 potioris
2198 726 2639 807 excellentiae,
2676 728 2748 794 in

614 829 876 899 cunctis
924 829 1322 899 liberalibus
1370 829 1848 899 modernorum
1902 831 2236 912 scientiis,
2281 833 2517 900 eodem
2573 845 2748 902 tem-

614 962 805 1029 pore,
831 936 1168 1020 studium;
1213 960 1422 1028 quare
1450 937 1680 1005 visum
1718 938 1845 1006 suit
1883 939 2215 1007 fratribus
2246 940 2527 1031 majoris
2558 942 2749 1009 suffi-

617 1044 883 1114 cientiae
920 1044 1173 1114 ibidem
1211 1044 1572 1114 instituere
1604 1045 1922 1114 clericum
1953 1070 2076 1137 pro
2107 1046 2384 1115 lectore.

705 1156 771 1221 9.
815 1155 1150 1243 Tempore
1191 1156 1531 1243 namque2
1573 1152 1918 1244 generalis
1969 1153 2248 1244 capituli
2287 1153 2568 1233 Assisii,
2612 1178 2745 1245 quo

616 1259 975 1329 translatae
1026 1259 1302 1327 fuerunt
1355 1259 1660 1352 reliquiae
1721 1260 1903 1329 beati
1951 1260 2173 1351 patris
2216 1261 2588 1339 Francisci,
2633 1285 2748 1329 so-

617 1366 803 1435 lutus
834 1376 942 1435 est
973 1377 1254 1435 sanctus
1287 1367 1627 1436 Antonius
1666 1367 1753 1435 ab
1793 1367 2010 1435 officio
2039 1367 2404 1436 ministerii
2437 1392 2451 1435 ε
2489 1392 2646 1436 nam
2675 1369 2748 1436 in

618 1472 972 1565 provincia
1012 1473 1385 1561 Romaniae,
1419 1473 1601 1542 ultra
1640 1497 1826 1542 mare
1847 1477 1897 1555 3,
1933 1475 2219 1542 fratrum
2260 1474 2739 1552 ministerium,

620 1580 821 1649 annis
872 1580 1209 1672 pluribus,
1252 1581 1477 1649 suerat
1525 1591 1891 1649 exsecutus
1947 1591 2038 1662 et,
2081 1581 2241 1650 licet
2294 1581 2364 1649 in
2421 1583 2635 1650 verbo
2684 1592 2751 1650 et

619 1687 935 1757 doctrina
987 1710 1223 1756 omnes
1271 1687 1470 1779 quasi
1521 1712 1644 1779 per
1698 1688 1966 1756 Italiam
2020 1688 2346 1756 mortales
2392 1698 2751 1757 transcen-

622 1795 841 1883 deret,
873 1795 943 1862 in
982 1793 1405 1886 praelationis
1444 1803 1674 1863 tamen
1713 1795 1930 1863 officio
1965 1796 2317 1886 praebebat
2355 1819 2430 1864 se
2471 1796 2752 1865 mirifice

624 1902 1034 1995 gratiosum.

717 2013 823 2078 10.
870 2008 1200 2100 Denique,
1226 2009 1689 2078 universalem
1718 2009 2136 2101 praedicandi
2165 2010 2550 2079 libertatem
2582 2010 2754 2079 acci-

623 2117 820 2208 piens
851 2141 891 2185 a
928 2116 1233 2207 generali
1288 2116 1630 2195 ministre,
1674 2116 1929 2184 divino·
1957 2126 2122 2184 nutu
2170 2117 2518 2185 civitatem
2557 2117 2757 2208 petiit

628 2223 1045 2310 Paduanam,
1090 2223 1409 2315 quoniam
1446 2223 1667 2314 ipsius
1699 2223 2130 2292 devotionem
2158 2224 2417 2315 populi,
2449 2234 2756 2292 retroac-

624 2330 716 2399 tis
752 2331 1201 2422 temporibuS,
1245 2330 1664 2422 experientia
1711 2331 1897 2399 certa
1940 2330 2273 2399 didicerat
2309 2331 2757 2423 irrefragabi-

623 2438 782 2527 lem,
825 2437 1140 2523 solidam,
1175 2438 1491 2507 eximiam
1520 2448 1589 2507 et
1630 2437 1990 2507 sinceram.

688 2768 733 2815 1.
778 2764 824 2815 Il
864 2777 932 2815 ne
967 2763 1208 2814 faudrait
1253 2777 1357 2829 pas
1402 2763 1659 2828 prendre,
1708 2776 1919 2814 comme
1967 2762 2101 2813 l'ont
2144 2762 2241 2813 salt
2286 2763 2340 2813 la
2387 2761 2614 2827 plupart
2658 2761 2759 2812 des

626 2845 1035 2910 hagiographes
1064 2843 1373 2905 modernes,
1413 2846 1556 2895 cette
1587 2845 1910 2908 expression
1935 2844 1968 2893 a
1999 2843 2052 2892 la
2079 2843 2239 2893 lettre
2264 2844 2319 2893 et
2349 2843 2525 2892 croire
2545 2843 2758 2906 qu'An-

624 2927 774 2976 toine
822 2925 920 2989 lut,
963 2938 1033 2975 en
1080 2924 1284 2975 dehors
1334 2924 1403 2974 de
1449 2939 1549 2974 son
1596 2925 1850 2984 convent,
1896 2922 2217 2987 professeur
2262 2923 2296 2972 a
2338 2922 2392 2971 la
2431 2921 2640 2986 facult&
2687 2922 2756 2971 de

627 3006 895 3071 theologie
920 3021 938 3055 .·
968 3006 1304 3056 l'universile
1335 3004 1402 3055 de
1448 3004 1694 3068 Bologne
1725 3006 1873 3055 n'eut
1902 3017 2005 3068 pas
2034 3002 2104 3054 de
2135 3002 2338 3053 laculle
2372 3001 2441 3052 de
2478 3002 2758 3065 theologie

630 3088 799 3137 avant
826 3088 948 3136 1360
971 3100 1043 3136 ou
1073 3090 1208 3136 1362.
1242 3112 1305 3123 -
1333 3084 1419 3136 Cr.
1453 3086 1533 3135 De
1565 3086 1835 3146 SAvaY,
1858 3083 2004 3134 Hisc.
2036 3083 2110 3134 du
2142 3082 2292 3134 droit
2319 3081 2554 3142 romain,
2583 3084 2622 3133 t.
2654 3083 2759 3145 111,

629 3180 683 3231 p.
714 3169 822 3216 133.
855 3166 1033 3228 Paris,
1061 3170 1198 3216 1839.
1219 3193 1283 3203 -
1312 3164 1581 3225 Lamus,
1604 3164 1767 3217 Saint
1792 3164 1937 3222 Ant„
1972 3164 2059 3214 ch.
2081 3164 2176 3213 IV.

692 3251 737 3297 2.
776 3246 855 3297 Ce
885 3247 980 3312 qui
1022 3247 1133 3297 suit
1174 3259 1242 3297 ne
1292 3259 1353 3296 se
1399 3246 1470 3296 lie
1499 3259 1602 3310 pas
1646 3258 1781 3296 avec
1828 3258 1890 3295 ce
1930 3246 2022 3310 qui
2071 3243 2308 3309 precede
2336 3245 2392 3294 et
2429 3242 2529 3293 fait
2552 3241 2761 3295 double

631 3327 833 3392 emploi
863 3341 997 3379 avec
1022 3341 1084 3378 ce
1108 3328 1202 3393 qui
1233 3340 1265 3376 a
1286 3326 1410 3389 deja
1440 3328 1525 3377 ele
1554 3325 1636 3376 dit
1663 3325 1804 3376 dans
1831 3325 1885 3375 la
1910 3323 2158 3389 legende.

576 3429 586 3439 ·
693 3413 739 3457 3.
777 3406 925 3458 C'esl
955 3407 1397 3458 manifestement
1426 3405 1775 3466 Romaniolae‚
1806 3408 1860 3457 et
1902 3419 2010 3456 non
2044 3405 2340 3468 Romaniae,
2373 3404 2467 3470 qui
2496 3403 2613 3454 doit
2641 3405 2762 3455 eli-e

631 3489 686 3539 la
712 3488 869 3551 lecon
897 3490 1116 3550 exacte3
1149 3488 1289 3538 mais
1327 3488 1601 3552 pourquoi
1630 3500 1722 3538 ces
1764 3489 1905 3537 mots
1937 3486 2086 3536 ultra
2130 3499 2282 3536 mare
2321 3484 2616 3550 appliques
2642 3485 2676 3535 a
2707 3485 2765 3535 la

631 3569 953 3632 Romagne?
978 3568 1055 3618 Le
1077 3570 1224 3619 texte
1249 3566 1481 3632 primitis
1504 3580 1590 3618 me
1616 3566 1826 3618 semble
1851 3567 2008 3618 avoir
2026 3569 2113 3617 ete
2133 3578 2144 3615 :
2168 3566 2226 3617 in
2251 3565 2541 3632 provincia
2566 3564 2766 3615 Roma-

630 3649 787 3700 m'olae
818 3662 886 3699 Er
915 3649 1063 3700 ultra
1094 3662 1263 3711 mare,
1285 3661 1377 3699 ces
1402 3647 1651 3698 derniers
1682 3649 1824 3698 mots
1848 3645 2144 3711 designant
2170 3646 2223 3697 le
2251 3647 2438 3711 sejour
2462 3643 2765 3697 d’Antoine

629 3744 698 3781 en
727 3730 957 3781 France.
