3109 4950
948 438 1009 485 s,
1064 437 1349 486 mroun
1399 437 1723 485 mmmm».
1771 437 2013 499 rium,
2063 418 2108 486 9
2501 418 2584 485 41

453 579 710 647 civitas
781 578 1139 647 abscondi
1191 589 1455 669 super⁸
1483 592 1786 647 montem
1852 577 2169 668 posita¹‚
2225 600 2361 645 non
2428 588 2587 669 post

455 685 666 753 multo
689 686 716 729 ὁ
740 695 1043 776 tempore
1082 684 1306 753 delata
1347 685 1435 753 ad
1475 684 1862 753 ministrum
1901 707 2135 752 eorum
2185 708 2336 775 quae
2368 684 2587 753 conti-

457 802 705 885 gerant
733 791 1083 878 relatione,
1118 792 1498 882 interrupto
1526 791 1775 883 quietis
1808 790 2105 871 silentio,
2131 790 2217 858 ad
2244 791 2588 882 publicum

455 900 691 966 venire
756 898 1147 989 compulsus
1198 909 1305 966 est
1367 898 1732 967 Antonius,
1787 902 1850 966 2.
1922 898 2234 990 lnjuncto
2297 922 2587 989 namque

458 1007 590 1074 sibi
628 1005 1137 1097 praedicationis
1176 1005 1418 1084 οίῖἰοίο,
1462 1005 1670 1073 eremi
1713 1005 1931 1074 cultor
1969 1005 2303 1072 emittitur
2347 1016 2415 1072 et
2439 1018 2466 1048 ⁶
2498 1006 2586 1073 ad

457 1112 1066 1205 evangelizandum
1121 1112 1245 1179 Dei
1287 1111 1577 1203 gloriam
1622 1112 1737 1180 diu
1789 1112 2024 1180 clausa
2063 1135 2183 1179 ora
2238 1111 2579 1180 laxantur.

456 1224 520 1289 3.
592 1219 936 1288 Mittentis
992 1218 1260 1310 igiturd
1316 1220 1723 1287 auctoritate
1782 1219 2130 1299 suffultus,
2191 1218 2260 1286 in
2319 1229 2586 1287 tantum

456 1326 966 1418 praedicationis
1008 1350 1180 1416 opus
1209 1339 1235 1369 ⁶
1274 1325 1543 1417 explere
1585 1325 1847 1395 studuit
1886 1338 1962 1394 ut
2000 1349 2245 1394 nomen
2284 1349 2585 1417 evange·

453 1433 632 1501 listae
702 1433 1119 1525 gestorums
1196 1433 1602 1502 strenuitate
1661 1443 2158 1524 compensaret.
2231 1433 2587 1503 Circuibat

378 1590 389 1601 .
450 1540 735 1632 proinde
766 1540 1083 1609 civitates
1124 1551 1192 1609 et
1229 1552 1457 1609 castra
1474 1554 1534 1619 ὅ,
1571 1541 1761 1608 vicos
1793 1550 1997 1632 atque
2037 1540 2476 1632 campestria,
2519 1550 2586 1609 et

448 1648 613 1715 vitae
645 1647 906 1716 semina
927 1647 984 1728 ἢ,
1019 1648 1197 1715 sicut
1227 1648 1747 1716 affluentissime
1779 1647 1875 1716 ita
1915 1659 1982 1716 et
2017 1647 2522 1715 ferventissime
2542 1647 2582 1730 ⁵,

449 1756 720 1822 cunctis
759 1754 1136 1846 spargebat
1170 1753 1220 1822 1'.

539 1865 608 1929 4.
673 1861 1113 1929 Discurrente
1179 1872 1406 1930 autem
1473 1884 1553 1929 eo
1629 1872 1696 1930 et
1768 1862 1857 1929 ob
1924 1863 2302 1930 animarum
2369 1862 2585 1930 zelum

451 1968 755 2061 requiem
796 1967 927 2036 sibi
969 1991 1255 2058 prorsus
1308 1979 1632 2061 negante,
1689 1969 1982 2059 contigit
2020 1993 2172 2037 eum
2214 1969 2299 2036 ad
2345 1969 2587 2038 civita·

450 2086 591 2144 tem
652 2075 1213 2143 Ariminensem&
1274 2076 1542 2144 coelitus
1602 2076 2041 2168 applicuisse,
2106 2076 2247 2155 ubi,
2313 2100 2518 2168 quum
2571 2077 2587 2121 ¹

448 2183 704 2251 multos
763 2183 1083 2251 haeretica
1150 2193 1462 2250 cerneret
1512 2183 1856 2274 pravitate
1928 2183 2272 2263 delusos2‚
2334 2207 2585 2251 convo-

453 2301 606 2359 cato
662 2314 819 2357 mox
871 2292 1083 2358 totius
1143 2290 1446 2358 civitatis
1504 2291 1780 2381 populo,
1846 2290 1916 2358 in
1976 2292 2241 2358 fervore
2301 2291 2586 2381 spiritus

451 2397 830 2490 praedicare
887 2398 1114 2489 coepit,
1199 2408 1290 2479 et,
1366 2397 2131 2490 quimphilosophorum
2189 2398 2587 2467 nonnnovit

451 2506 766 2597 argutias
794 2519 848 2584 0,
891 2515 1169 2573 versuta
1213 2505 1687 2573 haereticorum
1728 2505 2054 2597 dogmata
2133 2530 2253 2573 soe
2291 2505 2585 2574 lucidius

452 2613 858 2682 confutavit.
895 2617 959 2681 5.
1007 2615 1108 2680 lta
1151 2611 1470 2679 demum?
1504 2612 1787 2680 verbum
1817 2613 2099 2680 virtutis
2131 2614 2278 2703 ejus
2319 2624 2386 2680 et
2425 2614 2586 2681 doc-

448 2721 630 2788 trina
661 2719 994 2787 salutaris
1042 2721 1112 2785 in
1158 2718 1480 2787 cordibus
1534 2718 1955 2787 audientium
1994 2719 2261 2787 radices
2302 2720 2447 2788 fixit
2485 2731 2583 2800 ut,

447 2827 801 2895 eliminata
839 2826 1093 2893 erroris
1134 2826 1492 2917 spurcitia,
1529 2850 1663 2894 non
1691 2850 1904 2916 parva
1934 2826 2354 2895 credentium
2386 2826 2584 2895 turba

453 2935 743 3002 Domino
772 2933 1063 3001 fideliter
1094 2933 1499 3001 adhaereret.
1543 2936 1610 3001 6.
1659 2936 1736 3001 ln
1775 2933 2022 3024 quibus
2056 2933 2585 3002 haeresiarcham

448 3066 655 3109 unum
681 3053 738 3123 ¹1,
796 3039 1133 3108 Bonillum
1162 3053 1189 3083 ²·
1228 3040 1498 3107 nomine
1523 3043 1574 3120 3,
1627 3040 1714 3108 ab
1761 3040 1962 3108 annis
2009 3041 2298 3132 triginta
2358 3065 2587 3108 errore

504 3243 549 3274 a.
581 3229 716 3274 Paris
743 3240 919 3286 supra.
949 3251 1002 3261 —
1027 3229 1070 3272 b.
1103 3227 1237 3272 Paris
1276 3229 1437 3272 multo
1466 3231 1599 3284 post.
1629 3252 1682 3262 -
1709 3241 1752 3274 c.
1784 3228 1920 3273 Paris
1946 3241 2036 3273 om.
2063 3232 2125 3273 et.
2156 3252 2209 3262 -
2254 3229 2303 3274 d.
2338 3229 2470 3273 Paris
2495 3230 2588 3272 om·

453 3303 624 3357 ἱρέων.
657 3324 710 3334 -
746 3312 789 3345 e.
823 3299 957 3344 Paris
978 3299 1224 3354 officium.
1262 3321 1316 3332 —
1357 3299 1393 3354 Ῑ.
1437 3300 1542 3345 Ale.
1569 3300 1649 3345 293
1674 3303 1935 3345 testomm.
1967 3309 2020 3333 ‘—
2067 3313 2113 3354 9.
2149 3299 2263 3344 Luc.
2291 3300 2510 3344 castella.
2535 3322 2589 3333 —

452 3375 501 3418 h.
532 3373 664 3417 Paris
694 3372 865 3416 loni-nit
893 3380 1010 3415 cette
1034 3371 1301 3425 expression
1315 3370 1529 3423 semina,
1560 3382 1646 3427 que
1665 3373 1711 3426 je
1736 3371 1910 3427 prefere
1935 3371 1960 3414 ἐι
1988 3373 2102 3415 celle
2139 3373 2194 3415 de
2232 3371 2586 3422 seminarium,

455 3445 626 3488 donnae
660 3457 742 3498 par
765 3443 835 3487 les
863 3453 1016 3486 autres
1040 3454 1150 3486 mss.
1180 3464 1233 3475 -
1260 3442 1292 3486 i.
1325 3441 1440 3485 Luc.
1470 3442 1597 3486 satis
1621 3442 2011 3497 affluentissime
2035 3442 2247 3487 cunctis.
2279 3443 2384 3486 Alc.
2413 3443 2493 3487 293
2511 3441 2586 3486 sic

454 3515 846 3571 affluentissime
866 3513 1080 3559 cunctis.
1101 3512 1207 3567 —j.
1228 3512 1360 3557 Paris
1377 3514 1657 3569 sperqebat.
1682 3536 1735 3545 —
1764 3512 1812 3557 k.
1846 3513 1974 3564 Luc„
2006 3514 2116 3558 Pad.
2156 3513 2517 3558 Riminensem.
2536 3536 2591 3547 -

454 3588 485 3632 1.
515 3588 618 3632 Alc.
648 3588 730 3632 286
757 3599 848 3630 om.
879 3596 1054 3641 quum.
1090 3607 1143 3617 —
1170 3595 1240 3629 m.
1271 3585 1375 3628 Alc.
1408 3585 1488 3630 286
1512 3595 1557 3628 et
1582 3584 1686 3628 Ate.
1711 3587 1791 3630 293
1824 3587 1870 3628 et
1909 3585 2045 3640 quia.
2084 3607 2136 3618 -
2165 3596 2213 3629 n.
2247 3587 2349 3629 Alc.
2380 3586 2460 3631 286
2496 3597 2587 3629 om.

454 3672 567 3704 non.
599 3681 653 3691 —
691 3671 737 3702 ο.
768 3657 904 3702 Paris
945 3658 1262 3712 arqumenta.
1290 3678 1344 3688 —
1382 3668 1434 3711 p.
1472 3655 1606 3700 Paris
1643 3656 1843 3701 deinde.
1891 3680 1944 3690 —
1981 3669 2027 3712 q.
2058 3657 2163 3702 Alc.
2193 3659 2273 3702 286
2309 3657 2495 3702 virum.
2535 3681 2590 3690 —

451 3745 492 3777 r.
517 3733 620 3776 Alc.
649 3731 731 3775 286
759 3739 805 3774 et
829 3728 933 3773 Alc.
959 3729 1039 3774 293
1068 3728 1267 3772 donnem
1298 3736 1413 3771 cette
1448 3727 1593 3783 leg-on.
1622 3727 1731 3772 Nat.
1764 3728 1910 3782 14363,
1942 3728 2078 3782 Luc„
2103 3730 2214 3775 Pad.
2239 3729 2587 3776 Bononillum·

797 3933 808 3944 .
838 3893 906 3942 V.
972 3895 1018 3941 4.

512 3899 558 4027 i».
588 3895 1054 4036 h(gest-llil}retiq¹ues
1083 3971 1290 4021 etaient
1332 3970 1412 4020 les
1439 3970 1715 4022 Cathares
1737 3971 1822 4032 ous
1842 3972 2120 4036 PatarinS,
2151 3977 2246 4041 qui
2268 3976 2589 4028 infestaient

456 4057 503 4107 le
532 4055 669 4106 nord
703 4054 774 4105 de
802 4050 1000 4104 l'ltalie
1028 4054 1085 4101 et
1112 4064 1141 4114 y
1173 4051 1379 4101 etaient
1420 4053 1538 4101 tout
1582 4053 1884 4116 puissants.
1913 4081 1977 4090 —
2006 4053 2089 4105 Cr.
2137 4059 2438 4118 Sanam-zu,
2495 4059 2586 4109 Vis

456 4138 520 4187 de
542 4138 707 4188 Saint
730 4133 1025 4198 Flammis,
1056 4131 1140 4182 ch.
1172 4130 1272 4181 111.

513 4223 559 4268 3.
578 4218 654 4269 Le
672 4230 801 4269 nom
829 4220 988 4268 exact
1008 4218 1147 4269 n'est
1166 4232 1268 4282 pas
1290 4220 1502 4270 certain
1522 4232 1534 4282 ;
1569 4220 1607 4270 il
1628 4220 1781 4271 varie
1807 4220 2028 4271 suivant
2049 4220 2129 4273 les
2152 4221 2282 4272 Mss.
2311 4220 2586 4273 peut-atre

456 4300 679 4353 etan-ce
710 4298 985 4351 Bonvillo.
