3109 4950
578 434 708 500 224
933 454 993 499 S.
1047 452 1333 498 amomi
1385 452 1707 499 Laesum
1759 457 1794 494 «
1837 452 2257 499 anniculus
2301 460 2335 495 n

663 597 729 662 3.
766 595 1101 683 Tempore
1136 617 1268 684 quo
1308 591 1415 659 vir
1459 602 1740 660 sanctus
1779 591 1849 659 in
1878 593 2488 684 Montepessulano
2517 594 2703 685 lege·

574 701 716 781 bat,
760 699 1051 791 contigit
1090 723 1242 767 eum
1300 698 1673 789 praedicare
1715 699 1924 767 semel
1963 700 2033 766 in
2074 699 2370 790 quodam
2419 701 2702 769 solemni

573 808 775 887 sesto,
811 806 929 875 ubi
960 807 1183 874 clerus
1214 816 1283 874 et
1313 806 1605 899 populus
1644 806 1886 875 aderat
1913 807 2316 889 universus;
2358 807 2698 877 inchoato-

572 938 700 1006 que
755 937 1091 994 sermone,
1126 914 1424 982 occurrit
1471 913 1815 983 memoriae
1877 913 2256 1003 injunctum
2303 913 2434 982 sibi
2488 915 2706 1006 quod-

570 1020 732 1089 dam
788 1021 1077 1088 officium
1135 1044 1217 1087 ex
1272 1019 1616 1088 oblivione
1666 1007 1862 1088 alteri
1917 1020 2194 1089 minime
2246 1021 2698 1091 commisisse.

570 1132 634 1199 4.
680 1131 934 1219 Nempe
973 1150 1122 1196 mos
1165 1138 1313 1196 erat
1350 1127 1628 1206 ibidem,
1664 1127 1734 1195 in
1773 1127 2137 1221 praecipuis
2177 1127 2699 1210 festivitatibuS,

571 1235 743 1303 duos
788 1234 1100 1326 insignes
1144 1235 1394 1302 fratres
1441 1234 1512 1301 in
1556 1236 1772 1302 missa
1817 1245 2195 1303 conventus
2231 1234 2500 1303 alleluia
2540 1258 2704 1303 can-

569 1354 739 1423 tare,
787 1352 1084 1432 tuncque
1131 1341 1383 1409 famulo
1417 1343 1568 1423 [147
1608 1365 1648 1409 a
1682 1345 1741 1423 1]
1797 1340 1923 1410 Dei
1971 1340 2361 1431 hujusmodi
2409 1341 2702 1410 officium

569 1448 1030 1519 incumbebat.
1098 1452 1165 1517 5.
1231 1449 1385 1535 Quo
1438 1472 1520 1515 ex
1581 1447 1707 1516 hoc
1761 1448 2039 1516 nimium
2097 1448 2439 1529 dolente¹‚
2493 1472 2703 1541 super

569 1556 903 1648 pulpitum
964 1578 1202 1646 parum
1271 1578 1345 1621 se
1407 1554 1747 1623 inclinans
1809 1565 2147 1646 caputque
2211 1579 2362 1623 cum
2428 1556 2700 1647 caputio

567 1664 992 1755 cooperienS,
1038 1685 1264 1731 coram
1303 1671 1447 1729 tota
1503 1661 1938 1730 multitudine
1994 1685 2360 1753 parumper
2399 1661 2498 1730 sic
2545 1687 2701 1753 per-

568 1772 884 1839 sistebat.
931 1772 1113 1860 [lpse
1154 1769 1261 1836 vir
1304 1768 1452 1845 Dei,
1489 1768 1728 1837 eadem
1766 1768 1960 1842 hora,
1995 1768 2191 1837 visus
2236 1780 2345 1838 est
2381 1768 2451 1835 in
2493 1769 2701 1837 choro

563 1879 851 1946 fratrum
930 1875 1201 1944 alleluia
1275 1887 1552 1944 cantare
1632 1900 1783 1947 cum
1862 1875 1976 1944 illo
2050 1877 2261 1943 fratre
2346 1875 2459 1967 qui
2537 1887 2702 1945 tunc

564 1994 841 2052 cantare
883 1983 1116 2051 debuit
1157 2005 1307 2050 cum
1347 1989 1530 2064 eo]“.

650 2094 715 2159 6.
762 2090 942 2158 Nulli
984 2089 1263 2157 dubium
1302 2088 1464 2179 quin
1515 2088 1948 2180 omnipotens
1991 2093 2202 2176 Deus,
2244 2089 2424 2158 sicut
2461 2090 2699 2158 docto-

563 2197 929 2265 remilium
970 2197 1286 2264 eximium
1337 2196 1777 2263 Ambrosium
1829 2191 2263 2264 tumulationi
2318 2198 2695 2265 transferre

558 2305 777 2372 voluit
840 2304 1023 2372 beati
1089 2303 1374 2372 Martini
1441 2326 1519 2371 ac
1586 2303 1859 2371 beatum
1917 2314 2181 2394 patrem
2252 2305 2691 2371 Franciscum

560 2412 949 2481 Arelatensi
1036 2410 1330 2502 capitulo
1406 2411 1725 2502 provexit
1750 2412 1800 2491 2,
1870 2410 2030 2479 dum
2105 2410 2517 2502 praedicaret
2582 2410 2692 2479 hic

561 2531 842 2588 sanctus
904 2518 1155 2586 ibidem
1213 2518 1295 2585 de
1344 2518 1739 2609 triumphali
1788 2519 2011 2586 crucis
2062 2518 2286 2598 titulo,
2332 2519 2432 2586 sic
2482 2543 2690 2586 vene-

560 2626 758 2694 rabili
816 2625 972 2693 huic
1034 2626 1185 2692 viro
1247 2625 1535 2693 contulit
1600 2624 1903 2703 mirifice,
1965 2624 2450 2693 demonstrans
2508 2625 2689 2716 quod

557 2734 815 2800 eisdem
896 2734 1156 2801 sanctis
1233 2732 1546 2823 patribus
1618 2731 1687 2799 in
1762 2732 2026 2799 meritis
2108 2732 2403 2823 quodam
2487 2732 2688 2800 modo

556 2839 840 2931 dispar⁶
880 2864 1013 2906 non
1065 2840 1178 2908 sit.
1233 2841 1296 2907 7.
1350 2839 1596 2930 Igitur,
1639 2839 1858 2906 ossicio
1906 2839 2267 2930 praemisso
2315 2838 2689 2930 diligenter

603 3121 647 3152 a.
690 3108 821 3154 Cette
862 3109 1039 3163 phrase,
1087 3108 1282 3164 qu'omet
1311 3108 1355 3152 le
1393 3110 1518 3152 texte
1556 3108 1613 3151 de
1653 3110 1781 3152 notre
1807 3109 2073 3158 manuscrit,
2121 3108 2236 3151 mais
2272 3120 2361 3164 que
2387 3108 2588 3152 donnent
2617 3110 2688 3154 les

551 3181 779 3223 additions
803 3181 828 3223 a
854 3182 897 3222 ia
921 3180 1127 3235 leqcndn
1155 3178 1327 3235 prima
1346 3180 1404 3223 du
1442 3180 1530 3222 ΜΒ.
1555 3180 1611 3222 de
1633 3179 1841 3223 Lucerne
1865 3179 2010 3234 (Aac.
2037 3179 2107 3232 11,
2138 3190 2189 3223 n·
2211 3179 2260 3233 4)
2289 3182 2360 3222 est
2379 3176 2690 3224 evidemment

553 3251 806 3295 necessaire
832 3264 943 3307 pour
973 3251 1297 3306 i'inteiiigence
1317 3252 1379 3295 du
1405 3249 1533 3294 recit.
1564 3273 1617 3284 —
1643 3251 1686 3295 b.
1713 3250 1857 3295 Texte
1875 3251 2095 3307 dispare.

552 3493 753 3544 details
783 3493 850 3543 de
877 3494 1001 3558 pius
1030 3507 1137 3558 que
1168 3495 1323 3543 notre
1354 3491 1620 3555 legende;
1655 3493 1813 3552 maiS,
1847 3506 1986 3557 pour
2011 3492 2066 3542 la
2099 3493 2290 3554 forme,
2314 3493 2350 3543 ii
2380 3492 2516 3543 offrre
2544 3505 2682 3542 avec

549 3575 656 3624 elie
677 3575 775 3624 des
801 3576 1059 3638 rapporis
1090 3573 1340 3624 evidenis
1369 3576 1425 3624 et
1451 3575 1626 3623 meme
1656 3573 1932 3637 plusieurs
1956 3574 2191 3637 phrases
2217 3573 2547 3637 identiques.
2573 3572 2681 3623 Les

546 3656 715 3704 Actus
742 3654 803 3705 B.
838 3654 1123 3704 Francisci
1149 3655 1291 3718 (cap.
1325 3653 1576 3716 XLVIII)
1607 3656 1704 3704 ont
1728 3666 1836 3703 une
1862 3654 2144 3704 narration
2178 3654 2303 3718 plus
2333 3652 2680 3717 developpee

547 3739 602 3785 ei
638 3736 763 3799 plus
805 3735 1045 3785 vivante.
1082 3734 1431 3796 Bariheleniy
1459 3733 1527 3783 de
1562 3733 1688 3783 Pise
1736 3734 1896 3797 piace
1928 3734 1978 3784 le
2018 3746 2237 3784 sermon
2278 3733 2350 3784 du
2381 3735 2528 3784 saint
2559 3751 2583 3780 a
2619 3733 2680 3783 ἰη

546 3815 876 3866 consistorio
910 3833 954 3865 υ.

608 3899 651 3945 1.
685 3896 760 3945 La
791 3897 1162 3945 construction
1194 3894 1611 3956 grammaticales
1656 3893 1723 3944 de
1752 3894 1806 3944 la
1839 3894 2043 3958 phrase
2072 3892 2457 3944 demandarait
2485 3892 2579 3958 ᾳιιὶ
2610 3908 2682 3942 ex

545 3977 644 4026 hoc
691 3977 919 4027 nimiam
962 3977 1172 4025 dolena.
1218 3977 1290 4024 Le
1325 3977 1468 4025 [exie
1503 3974 1601 4024 des
1646 3974 1935 4024 (ulduinus
1964 3975 2035 4024 du
2080 3975 2180 4025 ΜΒ.
2208 3975 2277 4024 de
2309 3973 2556 4024 Lucerne
2586 3973 2678 4035 (V.

543 4069 712 4122 supra
741 4068 752 4103 ε
784 4056 1047 4105 Addition
1078 4056 1150 4114 11,
1184 4066 1237 4104 n·
1263 4058 1311 4116 Ιι)
1340 4055 1609 4104 renferme
1638 4054 1690 4103 la
1722 4056 1894 4104 menie
1927 4055 2310 4104 incorrection.

603 4141 648 4185 2.
685 4137 922 4187 Tuoxms
960 4148 1029 4185 DE
1066 4135 1317 4194 Carmo,
1361 4135 1482 4186 lita
1508 4136 1711 4199 prima,
1744 4138 1887 4200 part.
1915 4135 1955 4190 Ι,
1991 4149 2114 4199 cap.
2156 4134 2359 4184 XVIII.
2392 4160 2457 4170 —
2487 4133 2678 4185 BONA-

540 4228 821 4275 vsn‘rcna,
849 4215 994 4280 Leg„
1024 4229 1145 4280 cap.
1172 4216 1265 4264 IV.
1293 4215 1515 4265 -JEAN
1552 4215 2151 4279 RioAuLn,eap.V,111
2179 4214 2264 4266 ed.
2298 4213 2463 4264 duP.
2493 4213 2684 4265 Perdi·

541 4295 708 4358 nand,
734 4309 789 4360 p.
820 4298 880 4344 82
906 4298 962 4346 et
984 4299 1060 4346 83.
1092 4321 1154 4332 -
1178 4294 1343 4346 Liber
1371 4295 1766 4346 miraculorum
1796 4294 1875 4358 (n·
1896 4294 1966 4360 3),
1986 4299 2090 4347 etc.
