3109 4950
577 435 667 503 84
1063 457 1122 501 S.
1175 455 1464 501 An‘romr
1512 455 1836 502 Leonum
1883 454 2126 513 PRIMA,
2167 433 2250 501 31

580 605 725 663 tum
767 605 898 675 est,
941 594 1182 662 mulier
1221 594 1557 685 quaedam,
1593 593 1862 661 nomine
1902 592 2162 664 Cuniza
2188 607 2246 672 α,
2297 616 2419 684 per
2459 616 2707 660 annum

582 702 889 794 graviter
925 701 1294 783 infirmata,
1345 700 1820 769 instrumentis
1859 701 2138 793 ligneis,
2195 724 2367 790 quas
2407 701 2660 768 ferulas
2684 699 2711 742 ὂ

578 821 853 896 vocant,
888 821 1301 892 sustentata,
1345 810 1432 878 ad
1470 810 1692 878 locum
1732 833 1949 900 usque
1989 808 2324 900 pervenit.

667 920 733 984 2.
771 920 846 985 In
874 918 1068 1007 cujus
1100 917 1404 996 humer0‚
1431 942 1512 984 ex
1538 917 1969 985 concretione
2001 916 2357 983 humorum
2375 928 2426 994 ⁶,
2456 914 2706 1004 gibbus

579 1024 896 1092 immanis
927 1048 1333 1092 excrescens
1362 1028 1464 1092 sic
1492 1025 1528 1067 ά
1560 1049 1709 1091 eam
1741 1023 2223 1091 miserabiliter
2252 1031 2660 1090 curvaverat
2682 1034 2709 1064 ⁶

579 1141 655 1199 ut
708 1155 842 1199 non
887 1131 1019 1199 nisi
1060 1132 1429 1199 ferularum
1472 1130 1972 1199 sustentatione
2011 1131 2354 1198 ullatenus
2395 1128 2706 1196 incedere

579 1238 863 1306 valeret.
908 1242 972 1307 3.
1007 1240 1178 1325 Quae
1209 1263 1414 1330 quum
1441 1262 1669 1307 coram
1695 1236 2078 1305 beatissimi
2109 1236 2391 1304 Antonii
2422 1235 2704 1313 tumulo,

581 1344 651 1412 in
700 1345 1007 1413 oratione
1049 1356 1425 1436 prostrata,
1486 1344 1834 1436 paululum
1879 1343 2354 1422 sustinuisset,
2412 1342 2710 1432 compla-

582 1462 743 1519 nato
777 1475 932 1519 mox
970 1452 1274 1534 humer0‚
1319 1452 1572 1544 gibbus
1616 1451 1896 1520 evanuit
1935 1462 2026 1532 et,
2083 1450 2391 1518 dimissis
2445 1449 2704 1530 feruli8‚

581 1569 807 1627 erecta
843 1559 1143 1626 muliers
1180 1559 1451 1627 domum
1488 1559 1820 1626 remeavit
1841 1572 1902 1626 8.

668 1669 735 1734 4.
772 1666 1070 1734 Mulierk
1109 1666 1421 1757 quaedam
1461 1665 1730 1733 nomine
1771 1665 2008 1733 Gislai
2035 1718 2050 1746 ‚
2094 1665 2184 1762 ab,
2220 1664 2420 1732 annis
2460 1673 2612 1732 octo
2643 1674 2709 1731 et

581 1796 659 1840 eo
699 1773 1017 1864 amplim,
1060 1773 1130 1841 in
1159 1783 1425 1842 tantum
1465 1782 1820 1842 contracta
1858 1772 2077 1840 fuerat
2116 1771 2320 1863 quod,
2364 1771 2708 1838 desiccato

582 1880 865 1948 sinistro
927 1904 1121 1948 crure
1182 1904 1262 1948 ac
1301 1881 1533 1948 nervis
1592 1879 1990 1958 contractiS‚
2060 1878 2300 1969 pedem
2348 1876 2420 1944 in
2456 1887 2709 1944 terram

579 1987 792 2078 figere
855 2011 1283 2079 nequaquam
1347 1988 1624 2056 valebat
1652 1987 1704 2056 J'.
1764 1986 1924 2068 Sed,
1987 2009 2217 2077 quum,
2273 1984 2709 2052 necessitatis

578 2117 814 2174 causa,
858 2119 932 2163 se
963 2118 1304 2186 quoquam
1342 2119 1618 2163 movere
1659 2104 1961 2186 cuperet,
2019 2116 2268 2184 corpus
2301 2115 2497 2159 suum
2529 2092 2710 2158 seru-

580 2200 849 2268 larum*
886 2201 1387 2270 sustentatione
1435 2201 1793 2269 difficulter
1835 2200 2178 2268 trahebat.
2223 2204 2288 2268 5.
2333 2201 2556 2286 Quam
2600 2197 2710 2264 vir

580 2308 754 2399 ejuS‚
812 2308 1297 2377 Marcoaldus²
1338 2309 1633 2389 nomine,
1692 2331 1864 2400 equo
1906 2297 2296 2399 impositam
2355 2305 2442 2374 ad
2495 2305 2711 2373 eccle-

581 2416 754 2483 siam
807 2426 1063 2485 sanctae
1119 2416 1244 2485 Dei
1302 2416 1660 2509 genitricis
1704 2416 1944 2486 Mariae
2005 2414 2296 2484 festinus
2359 2413 2553 2482 duxit
2611 2423 2702 2491 et,

579 2524 1060 2615 recuperandae
1101 2524 1420 2594 sanitatis
1460 2524 1712 2617 gratia,
1747 2547 1974 2592 coram
2014 2547 2173 2591 arca
2203 2522 2386 2590 beati
2425 2520 2708 2590 Antonii

578 2629 1097 2699 introductamm
1128 2630 1418 2700 devotus
1450 2631 1831 2700 collocavit.
1868 2634 1931 2701 6.
1961 2630 2220 2716 Atilia,
2244 2628 2535 2698 orationi
2556 2651 2706 2719 pro·

579 2738 929 2819 cumbenS‚
973 2761 1128 2805 mox
1168 2747 1361 2806 tanto
1401 2738 1632 2807 dolore
1659 2752 1691 2781 '2
1741 2738 1976 2830 urgeri
2015 2738 2219 2830 coepit
2257 2747 2355 2818 ut,
2403 2759 2543 2828 prae
2584 2759 2708 2803 an·-

578 2845 814 2934 gustia
844 2845 1127 2930 sudam,
1161 2845 1455 2914 calorem
1484 2846 1660 2914 ferre
1692 2869 1827 2914 non
1868 2845 2244 2915 sustineret
2265 2858 2319 2926 ⁰,
2356 2842 2502 2923 sed,
2543 2866 2708 2933 sup-

575 2951 1009 3041 portantibus
1050 2976 1199 3022 eam
1235 2952 1467 3021 virise
1506 2964 1701 3022 extra
1739 2951 1991 3021 ostium
2034 2950 2365 3033 ecclesiae,
2402 2950 2652 3018 haustu
2676 2962 2706 3005 ‘1

630 3188 677 3221 a.
700 3176 804 3220 Alc.
827 3176 906 3222 286
927 3176 1133 3221 Cazuza.
1158 3176 1269 3222 Nat.
1286 3177 1417 3223 14363
1433 3176 1641 3222 Canixa.
1659 3177 1773 3221 Luc.
1790 3185 1835 3221 et
1853 3176 1963 3221 Ass.
1984 3175 2184 3221 Caniza.
2202 3198 2255 3210 -—
2272 3175 2314 3219 b.
2337 3174 2441 3220 Alc.
2460 3174 2542 3219 286
2562 3173 2708 3228 seru-

577 3247 683 3291 leis.
699 3268 753 3279 —
767 3260 812 3292 c.
829 3247 945 3293 Luc.
962 3249 1162 3293 humor.
1179 3271 1231 3281 —
1246 3249 1296 3292 d.
1315 3248 1429 3294 Luc.
1443 3258 1488 3293 ct
1505 3248 1704 3293 Pad.sic
1722 3259 2030 3293 excrescens.
2047 3248 2153 3292 Alc.
2171 3248 2251 3293 286
2266 3259 2356 3291 om.
2371 3246 2461 3291 sic.
2474 3258 2579 3289 —e.
2596 3246 2706 3290 Alc.

575 3320 655 3363 286
688 3320 946 3365 curvabat.
974 3342 1026 3354 -
1059 3319 1094 3375 f.
1119 3320 1253 3364 Paris
1276 3320 1464 3365 mulier
1494 3324 1676 3365 erecta.
1697 3342 1751 3353 —
1778 3332 1825 3376 q.
1851 3320 2003 3375 Api-es
2025 3331 2076 3364 ce
2111 3320 2308 3374 premier
2344 3319 2529 3364 mii-acle
2561 3327 2604 3361 et
2636 3318 2707 3361 les

575 3401 694 3434 muts
718 3390 932 3435 domum
952 3392 1211 3445 remeavit,
1238 3393 1280 3436 le
1305 3392 1396 3437 Ms.
1422 3393 1479 3436 de
1503 3391 1716 3436 Lucerne
1742 3392 1958 3435 intercute
1980 3391 2210 3446 plusieurs
2229 3391 2368 3435 recits
2389 3392 2446 3434 de
2472 3389 2705 3447 prodiges,

575 3462 756 3505 saveir:
790 3463 832 3506 le
856 3462 1039 3508 miracle
1066 3463 1122 3506 (le
1149 3464 1193 3507 la
1219 3470 1452 3520 mosaique
1473 3464 1528 3507 de
1554 3463 1726 3508 Latran
1752 3476 1860 3507 sous
1885 3462 2104 3507 Boniface
2125 3462 2271 3516 VIII,
2298 3462 2342 3505 la
2369 3462 2627 3506 deiivrancc
2647 3463 2706 3505 de

576 3532 759 3577 Padoue
792 3534 966 3578 tombee
994 3547 1049 3578 au
1082 3535 1270 3589 pouvoir
1292 3534 1573 3587 d'Ezzelino,
1608 3536 1652 3578 ia
1684 3535 1952 3579 conver-sion
1989 3535 2046 3577 de
2082 3535 2280 3590 Jacques
2312 3535 2367 3578 de
2401 3533 2629 3585 Gai-turio,
2659 3534 2705 3577 la

575 3604 788 3658 gui-rison
817 3606 875 3649 du
918 3605 1060 3650 Frere
1097 3606 1369 3660 ΤΙιόοάοι-ἰο,
1408 3606 1722 3661 l‘apaiscment
1759 3607 1889 3650 d'unc·
1927 3606 2136 3660 ιοιιψὲῐε,
2175 3607 2221 3649 ia
2254 3606 2554 3649 resurrection
2595 3605 2704 3648 d'un

572 3675 727 3719 ensem
759 3676 840 3720 des
869 3677 1082 3721 environs
1110 3678 1167 3721 de
1186 3676 1393 3722 Trevise.
1424 3677 1503 3722 Un
1528 3678 1584 3721 de
1617 3690 1694 3721 ces
1723 3679 1953 3730 minicia,
1975 3679 2017 3721 la
2045 3676 2256 3733 guerison
2286 3677 2345 3720 du
2375 3676 2516 3719 Frere
2544 3675 2704 3719 Theo—

570 3747 712 3800 doric‚
753 3758 802 3791 se
836 3758 1057 3803 rerrouve,
1088 3750 1206 3793 mais
1244 3749 1348 3805 plus
1376 3748 1488 3801 loin,
1523 3750 1637 3792 dans
1676 3748 1744 3792 les
1771 3759 1923 3793 autres
1954 3748 2087 3799 Mss.;
2120 3748 2154 3791 ii
2184 3760 2239 3791 cn
2265 3750 2337 3791 est
2367 3748 2424 3791 de
2457 3747 2604 3791 meme
2644 3748 2704 3790 du

571 3819 761 3873 prodige
782 3819 837 3862 dc
860 3820 903 3862 la
922 3819 1117 3875 tempere
1136 3818 1331 3875 apaisce‚
1355 3820 1465 3864 dont
1486 3822 1528 3864 le
1550 3821 1642 3865 Ms.
1664 3821 1813 3863 suissc
1835 3820 2075 3864 lui-meme
2094 3820 2305 3873 redonat»,
2322 3821 2544 3875 quelques
2564 3830 2708 3874 peges

569 3889 719 3944 apres,
746 3902 803 3933 un
828 3902 1032 3935 nouveau
1058 3890 1187 3944 recu,
1214 3890 1415 3948 nonque,
1444 3893 1477 3935 il
1503 3896 1576 3936 est
1595 3892 1704 3936 vrai.
1731 3891 1864 3936 Nous
1884 3892 2202 3946 reproduirons
2227 3891 2295 3935 les
2314 3901 2470 3947 quatre
2491 3890 2708 3946 episodes

570 3973 758 4017 propres
776 3973 831 4005 au
857 3961 948 4006 ΜΒ.
971 3963 1027 4006 de
1043 3962 1252 4007 Lucerne
1276 3963 1302 4006 a
1326 3964 1621 4019 l'appendice.
1637 3986 1689 3996 —
1711 3964 1759 4008 h.
1788 3963 1903 4007 Luc.
1934 3962 2166 4017 Siynum.
2193 3962 2393 4006 Mulier.
2418 3984 2472 3995 —
2491 3963 2523 4006 i.
2547 3961 2707 4017 Leqon

567 4032 626 4075 du
652 4031 909 4086 Dialoqus.
939 4033 1046 4077 Alc.
1069 4035 1147 4079 286
1169 4035 1366 4079 Gnissa.
1395 4035 1504 4079 Nat.
1528 4035 1659 4080 14363
1683 4034 1855 4080 W'illa.
1879 4033 1994 4078 Luc.
2012 4045 2057 4078 et
2076 4035 2195 4078 Aac.
2217 4034 2364 4079 Gilia.
2383 4033 2495 4077 Pad.
2518 4033 2706 4078 Guilla.

567 4103 701 4147 Paris
730 4105 925 4159 Ghyna.
946 4106 1057 4150 Ass.
1084 4106 1283 4151 Grassa.
1308 4127 1362 4138 —
1381 4105 1424 4160 j.
1452 4105 1586 4149 Paris
1605 4106 1807 4150 valeret.
1842 4129 1894 4138 —
1928 4105 1974 4150 k.
1994 4104 2108 4149 Luc.
2130 4116 2249 4151 cum
2270 4105 2570 4160 ferularum.
2595 4127 2651 4138 —
2673 4105 2706 4150 1.

567 4173 723 4232 μσς-οη
743 4176 907 4221 d'Anc.
925 4186 970 4221 et
991 4177 1049 4220 du
1076 4177 1333 4232 Diamque.
1356 4177 1464 4222 Alc.
1488 4178 1569 4223 286
1583 4188 1627 4221 et
1649 4177 1763 4221 Luc.
1782 4177 2166 4222 Marchoardus.
2188 4176 2324 4221 Paris
2342 4176 2705 4231 Mar-quarelae.

563 4267 617 4279 —-
632 4257 700 4291 m.
724 4246 856 4291 Paris
874 4259 965 4292 om.
983 4247 1344 4293 introductam.
1361 4271 1413 4281 —
1438 4260 1487 4293 n.
1509 4249 1616 4292 Alc.
1637 4249 1717 4294 286
1736 4260 1823 4292 om.
1843 4249 2029 4293 dolore.
2046 4271 2099 4281 —
2119 4260 2163 4293 0.
2180 4247 2314 4292 Paris
2326 4247 2576 4292 sustinere
2600 4258 2706 4292 non

564 4320 748 4372 posset.
768 4340 821 4352 -
839 4330 891 4374 p.
912 4318 1017 4364 Alc.
1042 4321 1121 4365 286
1147 4319 1295 4366 caris.
1325 4342 1379 4355 —
1403 4330 1450 4374 (ι.
1490 4319 1596 4365 Alc.
1632 4320 1712 4367 286
1744 4320 2003 4365 haustum.
2037 4319 2173 4365 Paris
2203 4320 2404 4365 hausto·
