3109 4950
608 418 737 490 212
964 444 1021 488 s.
1076 441 1364 487 Aaronn
1413 441 1736 488 Laesum
1788 448 1821 483 «
1875 440 2297 489 sumemus
2341 447 2374 482 n

1613 822 1726 922 (31

699 1139 757 1204 1.
814 1134 938 1220 Ibi,
1013 1135 1121 1202 die
1188 1146 1550 1226 noctuque,
1629 1134 2057 1203 orationibus
2126 1134 2420 1201 vaeabat
2483 1134 2555 1200 in
2623 1133 2738 1200 illa

606 1242 799 1322 cella,
860 1266 1038 1310 nune
1103 1242 1551 1334 supplicando
1608 1242 1814 1334 patri,
1867 1265 2046 1309 nune
2091 1240 2588 1331 interpellando
2632 1242 2736 1330 ju·

603 1349 763 1436 diei,
806 1359 1047 1440 postea
1094 1349 1538 1441 colloquendo
1580 1348 1821 1435 amieO‚
1874 1372 1954 1416 ae
2003 1347 2208 1416 etiam
2257 1372 2380 1438 pro
2429 1359 2736 1439 peceato-

606 1456 795 1524 ribus
826 1465 895 1523 et
923 1456 1267 1524 universis
1308 1456 1573 1526 Christi
1611 1455 1926 1523 fidelibus
1956 1455 2331 1523 instantius
2362 1453 2731 1521 exorando,

603 1566 669 1631 2.
717 1562 818 1630 Ibi
869 1586 1108 1654 nempe
1155 1563 1351 1630 visus
1410 1574 1519 1631 est
1578 1562 1876 1630 insultus
1933 1572 2000 1629 et
2062 1561 2539 1629 infestationes
2604 1560 2735 1628 dae-

604 1693 877 1737 monum
930 1670 1323 1738 multotiens
1380 1671 1670 1761 perpeti,
1725 1668 1840 1760 qui
1896 1668 2342 1737 intendebant
2407 1691 2559 1735 eum
2613 1692 2737 1759 pro

603 1800 809 1868 posse
884 1800 925 1845 a
983 1789 1223 1845 saneto
1279 1776 1612 1845 orationis
1672 1775 1899 1844 studio
1955 1776 2379 1867 perturbare.

1614 2161 1740 2259 ,42

699 2510 755 2575 1.
809 2507 1282 2576 Guardianum
1322 2532 1562 2599 nempe
1611 2531 1808 2576 suum
1857 2507 2144 2599 supplex
2182 2507 2448 2576 adierat
2494 2519 2564 2576 et
2609 2532 2734 2600 pro

603 2638 855 2703 magna
906 2614 1133 2703 gratia
1184 2614 1314 2682 sibi
1371 2626 1804 2707 poposcerat,
1854 2615 2037 2706 quia,
2093 2626 2169 2682 ut
2221 2614 2585 2696 fatebatur,
2646 2614 2734 2682 ad

603 2721 768 2789 nihil
835 2721 1018 2788 aliud
1074 2722 1416 2812 proficuus
1474 2732 1622 2789 erat
1660 2722 1794 2789 nisi
1860 2745 1985 2813 pro
2049 2721 2365 2790 lavandis
2422 2722 2733 2813 coquinae

598 2826 1014 2895 utensilibus
1072 2839 1141 2896 et
1214 2828 1583 2920 seopandis
1651 2829 1937 2896 fratrum
2020 2828 2322 2920 quotidie
2384 2828 2730 2906 domibus,

600 2944 802 3024 prout
866 2934 1160 3002 faciebat
1207 2934 1549 3003 humiliter
1590 2946 1656 3004 et
1703 2936 1974 3015 devote,
2044 2959 2252 3027 quum
2302 2935 2374 3002 in
2436 2935 2736 3003 veritate

601 3041 773 3108 foret
809 3064 938 3109 vas
976 3041 1263 3108 electum
1317 3052 1385 3109 et
1438 3042 1661 3110 saneti
1720 3042 2015 3134 Spiritus
2071 3042 2296 3132 gratia
2337 3041 2734 3110 multimode

601 3147 1029 3215 adornatum.
1099 3152 1164 3215 2.
1236 3151 1468 3239 Neque
1535 3148 1712 3215 enim
1776 3158 2190 3240 putaverant
2256 3149 2507 3216 fratres
2578 3173 2734 3216 eum

600 3253 966 3346 quidquam
1007 3253 1091 3321 de
1131 3254 1490 3345 seripturis
1530 3279 1737 3322 nosse
1776 3255 2054 3336 divinis,
2091 3256 2218 3324 hoe
2255 3265 2521 3323 tantum
2562 3279 2733 3347 prae·

600 3361 1008 3452 sumptionis
1088 3361 1420 3453 suffragio
1488 3361 1908 3430 confidentes
1986 3361 2165 3453 quod
2237 3362 2497 3430 scilieet
2572 3387 2733 3430 raro

664 3648 709 3695 1.
746 3645 982 3711 Indique
1013 3660 1224 3696 comme
1253 3646 1570 3711 s'adaptant
1586 3661 1658 3697 au
1689 3648 1862 3697 meme
1891 3647 2141 3711 chapitre
2174 3646 2243 3697 de
2277 3648 2331 3697 la
2356 3647 2592 3712 legenda
2617 3649 2732 3713 pri-

594 3738 681 3775 ma
703 3740 722 3775 .·
763 3727 1038 3793 Quomodo
1068 3726 1217 3777 venit
1246 3727 1625 3778 Romaniolom
1656 3732 1708 3777 et
1745 3728 1985 3790 qualiter
2014 3727 2213 3778 ibidem
2257 3727 2418 3787 visu,
2449 3728 2617 3791 apres
2647 3728 2729 3778 les

593 3806 975 3872 paragraphes
1014 3807 1106 3871 qui
1145 3820 1284 3857 nous
1326 3809 1603 3858 montrent
1636 3807 1876 3857 Antoine
1913 3808 2123 3866 vivant,
2164 3820 2231 3856 en
2276 3806 2421 3856 demi
2457 3807 2729 3868 solitaire,

594 3885 650 3935 in
681 3891 877 3952 crypta
906 3887 1165 3951 quadam.
1199 3888 1287 3950 (V.
1320 3901 1517 3952 supra:
1552 3887 1907 3952 Leg.p1·1'ma‚
1940 3891 1986 3948 7,
2019 3896 2095 3936 n··
2123 3887 2245 3949 6-8.)

651 3968 698 4015 2.
738 3965 810 4016 Le
836 3966 1108 4028 fragment
1134 3968 1177 4015 ΙΙ
1226 3980 1284 4017 se
1316 3971 1579 4032 rapporte
1626 3981 1698 4016 au
1746 3967 1995 4031 chapitre
2039 3966 2107 4017 de
2154 3967 2204 4017 {a
2235 3966 2470 4030 legenda
2497 3967 2685 4032 prima
2715 3981 2728 4015 :

591 4045 843 4111 Qualiter
860 4048 1093 4096 scientia
1117 4047 1270 4097 illias
1296 4047 1571 4110 fratribus
1598 4045 1854 4106 innocuit,
1873 4048 1993 4108 (ΜΒ.
2016 4047 2175 4097 Paris
2197 4059 2209 4096 ε
2233 4047 2311 4098 De
2328 4048 2514 4112 prima
2531 4048 2732 4112 pra-di·

590 4126 811 4176 catione
834 4125 989 4188 elus).
1025 4127 1069 4176 ΙΙ
1101 4129 1186 4176 est
1208 4130 1437 4191 marque
1468 4141 1680 4178 comme
1711 4126 1912 4177 devant
1942 4140 2001 4176 se
2033 4128 2132 4177 lire
2154 4129 2317 4193 apres
2347 4128 2428 4178 les
2453 4140 2729 4192 passages

589 4205 682 4268 qui
714 4204 949 4256 relatent
981 4210 1254 4257 comment
1288 4206 1338 4257 le
1370 4208 1517 4257 saint
1546 4211 1700 4270 reeut
1741 4207 1937 4257 l'ordre
1986 4206 2054 4258 de
2103 4207 2338 4272 preeher
2385 4208 2594 4259 devant
2641 4208 2726 4258 les

588 4284 891 4335 ordinands
916 4287 1101 4337 reunis
1129 4286 1162 4336 a
1193 4287 1359 4338 Forli.
1387 4287 1474 4351 (V.
1500 4299 1706 4352 supra:
1735 4286 1866 4353 Leg.
1886 4287 2091 4353 prima,
2122 4291 2170 4349 8,
2198 4296 2274 4337 n·⁸
2305 4289 2424 4353 1-6).
