3109 4950
572 450 702 518 254
851 469 977 515 LES
1026 467 1338 515 souncsss
1387 469 1473 516 DE
1523 446 1921 516 L’ms‘romr:
1970 468 2418 516 ANTONIENNE

572 621 680 673 peu
706 610 873 674 apres
902 612 1041 671 1260,
1074 622 1142 659 ne
1177 612 1287 660 met
1323 610 1566 660 Antoinc
1590 608 1660 661 de
1692 607 1918 660 Padoue
1946 622 2014 659 en
2045 609 2208 660 scene
2234 608 2360 675 qu'a
2390 621 2595 674 propos
2624 607 2699 659 du

571 689 822 754 chapilre
845 689 1070 753 general
1099 688 1169 740 de
1193 693 1334 741 1230.

659 912 929 980 Primus
969 921 1196 981 autem
1227 912 1541 982 minister
1573 912 1962 1004 generalis¹
2004 924 2163 1005 post
2189 914 2465 982 beatum
2496 915 2703 980 Fran·

568 1018 822 1086 ciscum
872 1019 999 1087 suit
1036 1019 1249 1088 frater
1291 1019 1552 1099 Helias,
1597 1019 1711 1110 qui
1751 1020 1973 1087 suerat
2011 1019 2305 1111 scriptor
2346 1019 2694 1088 Bononiae.

568 1125 698 1194 Cui
766 1125 1103 1194 successit
1157 1125 1373 1194 frater
1425 1125 1773 1195 Johannes
1840 1129 2102 1195 Parens
2167 1126 2251 1194 de
2330 1126 2694 1204 Florentia,

568 1233 882 1300 minister
934 1232 1313 1325 Hispaniae,
1367 1233 1476 1300 vir
1524 1232 1802 1324 sapiens
1854 1245 1922 1302 et
1961 1233 2331 1324 religiosus
2357 1243 2426 1301 et
2455 1232 2699 1300 summi

568 1340 848 1431 rigoris.
916 1341 1070 1428 Quo
1138 1363 1260 1432 per
1321 1339 1628 1409 fautores
1703 1340 1941 1408 fratris
2022 1340 2236 1408 Heliae
2310 1339 2625 1408 absoluto
2644 1341 2696 1425 2,

567 1446 813 1515 iterum
852 1447 1075 1516 sactus
1115 1457 1226 1515 est
1273 1447 1620 1540 generalis
1660 1448 1874 1515 frater
1916 1447 2174 1516 Helias.

659 1556 737 1622 In
802 1553 1100 1644 capitulo
1168 1553 1505 1645 siquidem
1570 1555 1641 1621 in
1706 1578 1840 1645 quo
1917 1555 2096 1623 sacta
2162 1563 2271 1622 est
2329 1554 2696 1622 translatio

567 1661 790 1729 sancti
848 1660 1265 1741 Francisci³‚
1318 1661 1683 1729 voluerunt
1755 1661 1889 1753 ipsi
1946 1685 2119 1753 quos
2181 1661 2269 1729 ad
2325 1661 2696 1753 capitulum

566 1778 1005 1837 concesserat
1041 1767 1276 1836 venire
1315 1766 1526 1836 frater
1579 1768 1836 1856 Helias,
1882 1792 2039 1837 nam
2081 1792 2319 1837 omnes
2357 1768 2698 1836 concessit

565 1875 724 1943 illuc
778 1875 1012 1943 venire
1065 1874 1181 1965 qui
1221 1874 1502 1961 vellent,
1557 1886 1796 1944 contra
1844 1875 2197 1944 ministros
2241 1875 2697 1967 provinciales

563 1981 786 2073 ipsum
824 1982 1072 2049 secisse
1112 1980 1525 2073 generalem.
1566 1982 1765 2051 Unde
1808 1993 1876 2051 et
1904 1993 2255 2075 acceptum
2293 2007 2335 2050 a
2364 1982 2533 2050 cella
2573 2006 2698 2050 sua

561 2098 1011 2179 portaverunt
1063 2112 1213 2156 cum
1255 2089 1573 2157 manibus
1613 2089 1701 2157 ad
1740 2090 1993 2172 ostium
2032 2089 2310 2180 capituli
2354 2099 2446 2169 et,
2481 2090 2696 2156 fracto

562 2194 769 2281 nstin,
809 2195 1173 2263 voluerunt
1213 2219 1365 2263 eum
1413 2195 1747 2264 collocare
1809 2196 1878 2264 in
1925 2196 2073 2264 loco
2133 2195 2431 2264 ministri
2485 2217 2696 2281 gene-

563 2302 754 2369 ralis.
812 2301 1014 2390 Quod
1060 2301 1308 2370 videns
1357 2303 1730 2393 generalis,
1781 2303 1994 2371 frater
2046 2302 2421 2383 Johannes,
2465 2325 2692 2370 coram

561 2419 705 2478 toto
745 2409 1041 2501 capitulo
1095 2433 1170 2478 se
1223 2408 1508 2479 nudavit
1549 2420 1642 2490 et,
1699 2409 1799 2479 sic
1854 2410 2122 2479 demum
2184 2409 2474 2492 confusi,
2534 2419 2692 2501 post

561 2517 925 2585 maximam
964 2516 1447 2598 turbationem,
1489 2529 1963 2587 cessaverunt.
2012 2521 2186 2586 Nam
2217 2541 2341 2585 nec
2379 2527 2690 2586 sanctum

562 2624 934 2692 Antonium
1003 2623 1240 2692 audire
1310 2624 1700 2712 voluerunt,
1760 2650 1883 2694 nec
1943 2625 2236 2716 aliquem
2300 2624 2689 2693 ministrum

560 2729 1072 2821 provincialem.

649 2836 962 2907 Credidit
1021 2847 1249 2905 autem
1302 2837 1594 2928 populus
1651 2837 1831 2929 quod
1881 2849 2070 2906 esset
2126 2837 2473 2907 discordia
2531 2838 2690 2929 quia

559 2966 807 3035 corpus
875 2943 1097 3012 sancti
1155 2944 1530 3025 Francisci‚
1592 2944 1795 3013 tertia
1853 2944 1961 3012 die
2012 2956 2380 3037 antequam
2439 2947 2690 3013 fratres

560 3050 1072 3137 convenissent,
1133 3050 1547 3119 translatum
1609 3060 1781 3120 erat.
1851 3051 2169 3143 Quinque
2220 3075 2386 3120 vero
2437 3051 2692 3119 milites

560 3158 827 3244 novitii,
888 3157 1002 3249 qui
1060 3157 1385 3226 sederunt
1440 3158 1512 3225 in
1566 3157 1863 3250 capitulo
1915 3168 1985 3226 et
2048 3158 2276 3226 omnia
2338 3158 2689 3244 viderunt,

560 3266 802 3334 ssentes
842 3264 1161 3333 dixerunt
1207 3264 1388 3356 quod
1433 3265 1520 3333 ad
1559 3289 1885 3357 magnum
1923 3265 2177 3333 bonum
2223 3265 2488 3333 ordinis
2529 3288 2691 3356 pro-

557 3372 825 3440 veniret
861 3372 977 3440 illa
1014 3372 1342 3458 turbati0‚
1370 3372 1529 3463 quia
1559 3371 1726 3439 ordo
1767 3372 2022 3440 nullum
2062 3383 2299 3464 posset
2334 3371 2691 3439 inordina-

559 3490 703 3547 tum
741 3490 998 3548 tenere.
1042 3481 1133 3546 Et
1172 3480 1272 3547 sic
1327 3479 1600 3560 accidit,
1652 3479 1832 3571 quod
1880 3502 2118 3547 omnes
2156 3478 2255 3547 illi
2291 3480 2687 3547 turbatores

558 3586 645 3654 ad
684 3585 1025 3677 agendam
1063 3585 1531 3677 poenitentiam
1573 3609 1695 3676 per
1723 3585 2038 3654 diversas
2069 3584 2459 3677 provincias
2489 3585 2688 3652 missi

560 3703 743 3762 sunt.
781 3696 1021 3760 Frater
1060 3716 1223 3760 vero
1253 3692 1511 3772 Helias,
1554 3691 1905 3761 divertens
1944 3692 2032 3760 ad
2071 3692 2411 3784 quoddam
2442 3692 2689 3760 eremi-

555 3800 830 3888 torium,
866 3799 1179 3891 permisit
1218 3800 1349 3868 sibi
1380 3823 1687 3868 crescere
1717 3823 1977 3868 comam
2016 3809 2085 3868 ct
2112 3800 2400 3868 barbam
2429 3809 2522 3881 et,
2564 3823 2690 3890 per

609 4050 647 4094 1.
695 4049 1020 4104 Οέεῑ-ἓι-(ἰίνο,
1058 4050 1085 4094 a
1127 4060 1414 4108 proprement
1460 4052 1627 4108 parler,
1668 4050 1893 4096 vicarius
1942 4049 2192 4107 veneralis
2226 4050 2441 4107 jusqu'au
2485 4050 2693 4105 chapitre

556 4122 766 4166 tl'Assisc
804 4124 860 4166 de
899 4123 1017 4169 1227.

607 4195 649 4238 2.
677 4193 748 4237 En
788 4194 893 4238 1232
928 4207 984 4237 ou
1023 4194 1140 4239 1233.
1174 4194 1265 4238 Sur
1287 4197 1402 4238 cette
1436 4195 1554 4248 date,
1583 4194 1680 4238 voir
1704 4193 1763 4239 E.
1790 4193 1987 4248 Luam»,
2013 4194 2164 4240 Frere
2202 4193 2314 4238 Elie
2350 4193 2413 4236 de
2450 4192 2683 4246 Cor-tone,

555 4266 754 4380 1λέᾲὲιι
781 4335 901 4380 1230.
