<?xml version="1.0" encoding="UTF-8"?>
<!DOCTYPE html PUBLIC "-//W3C//DTD XHTML 1.0 Transitional//EN"
    "http://www.w3.org/TR/xhtml1/DTD/xhtml1-transitional.dtd">
<html xmlns="http://www.w3.org/1999/xhtml" xml:lang="en" lang="en">
 <head>
  <title>
</title>
<meta http-equiv="Content-Type" content="text/html;charset=utf-8" />
  <meta name='ocr-system' content='tesseract 3.04.00' />
  <meta name='ocr-capabilities' content='ocr_page ocr_carea ocr_par ocr_line ocrx_word'/>
</head>
<body>
  <div class='ocr_page' id='page_1' title='image "./sanctiantoniide01kervgoog_0125.png"; bbox 0 0 3109 4950; ppageno 0'>
   <div class='ocr_carea' id='block_1_1' title="bbox 861 433 2522 515">
    <p class='ocr_par' dir='ltr' id='par_1_1' title="bbox 861 433 2522 515">
     <span class='ocr_line' id='line_1_1' title="bbox 861 433 2522 515; baseline 0.001 -13"><span class='ocrx_word' id='word_1_1' title='bbox 861 456 920 502; x_wconf 81' lang='lat' dir='ltr'>s,</span> <span class='ocrx_word' id='word_1_2' title='bbox 973 454 1258 501; x_wconf 64' lang='lat' dir='ltr'>Ami-omi</span> <span class='ocrx_word' id='word_1_3' title='bbox 1310 454 1633 501; x_wconf 66' lang='lat' dir='ltr'>Leonum</span> <span class='ocrx_word' id='word_1_4' title='bbox 1682 454 1924 515; x_wconf 54' lang='lat' dir='ltr'>rmus»,</span> <span class='ocrx_word' id='word_1_5' title='bbox 1975 435 2061 502; x_wconf 86' lang='lat'>33</span> <span class='ocrx_word' id='word_1_6' title='bbox 2436 433 2522 503; x_wconf 87' lang='lat'>97</span> 
     </span>
    </p>
   </div>
   <div class='ocr_carea' id='block_1_2' title="bbox 384 592 2610 1657">
    <p class='ocr_par' dir='ltr' id='par_1_2' title="bbox 384 592 2610 1657">
     <span class='ocr_line' id='line_1_2' title="bbox 387 592 2522 686; baseline -0.001 -23"><span class='ocrx_word' id='word_1_7' title='bbox 387 595 493 663; x_wconf 88' lang='lat' dir='ltr'>dit</span> <span class='ocrx_word' id='word_1_8' title='bbox 544 605 637 673; x_wconf 82' lang='lat' dir='ltr'>et,</span> <span class='ocrx_word' id='word_1_9' title='bbox 698 594 1004 686; x_wconf 86' lang='lat' dir='ltr'>projecta</span> <span class='ocrx_word' id='word_1_10' title='bbox 1070 618 1278 685; x_wconf 89' lang='lat' dir='ltr'>super</span> <span class='ocrx_word' id='word_1_11' title='bbox 1315 617 1391 662; x_wconf 87' lang='lat' dir='ltr'>se</span> <span class='ocrx_word' id='word_1_12' title='bbox 1446 593 1704 672; x_wconf 82' lang='lat' dir='ltr'>tunica,</span> <span class='ocrx_word' id='word_1_13' title='bbox 1759 593 2056 685; x_wconf 83' lang='lat' dir='ltr'>pervigil</span> <span class='ocrx_word' id='word_1_14' title='bbox 2116 592 2434 661; x_wconf 86' lang='lat' dir='ltr'>excubuit</span> <span class='ocrx_word' id='word_1_15' title='bbox 2463 606 2522 660; x_wconf 77' lang='lat'>⁰.</span> 
     </span>
     <span class='ocr_line' id='line_1_3' title="bbox 391 699 2528 793; baseline -0.002 -23"><span class='ocrx_word' id='word_1_16' title='bbox 391 705 501 771; x_wconf 90' lang='grc'>13.</span> <span class='ocrx_word' id='word_1_17' title='bbox 570 702 934 793; x_wconf 83' lang='lat' dir='ltr'>Quumque</span> <span class='ocrx_word' id='word_1_18' title='bbox 990 701 1340 793; x_wconf 90' lang='lat' dir='ltr'>paululum</span> <span class='ocrx_word' id='word_1_19' title='bbox 1410 700 1881 780; x_wconf 81' lang='lat' dir='ltr'>sustinuisset,</span> <span class='ocrx_word' id='word_1_20' title='bbox 1942 700 2216 791; x_wconf 83' lang='lat' dir='ltr'>pulsato</span> <span class='ocrx_word' id='word_1_21' title='bbox 2281 699 2528 767; x_wconf 89' lang='lat' dir='ltr'>iterum</span> 
     </span>
     <span class='ocr_line' id='line_1_4' title="bbox 386 806 2610 900; baseline -0.001 -25"><span class='ocrx_word' id='word_1_22' title='bbox 386 807 664 888; x_wconf 84' lang='lat' dir='ltr'>lectu10‚</span> <span class='ocrx_word' id='word_1_23' title='bbox 710 808 936 899; x_wconf 83' lang='lat' dir='ltr'>magis</span> <span class='ocrx_word' id='word_1_24' title='bbox 993 808 1306 877; x_wconf 80' lang='lat' dir='ltr'>extimuit</span> <span class='ocrx_word' id='word_1_25' title='bbox 1361 819 1453 896; x_wconf 88' lang='lat' dir='ltr'>et,</span> <span class='ocrx_word' id='word_1_26' title='bbox 1516 808 1793 900; x_wconf 85' lang='lat' dir='ltr'>signum</span> <span class='ocrx_word' id='word_1_27' title='bbox 1843 807 2066 876; x_wconf 86' lang='lat' dir='ltr'>crucis</span> <span class='ocrx_word' id='word_1_28' title='bbox 2120 806 2323 874; x_wconf 74' lang='lat' dir='ltr'>fronti</span> <span class='ocrx_word' id='word_1_29' title='bbox 2385 830 2530 874; x_wconf 79' lang='lat' dir='ltr'>suae</span> <span class='ocrx_word' id='word_1_30' title='bbox 2603 861 2610 870; x_wconf 95' lang='lat'><strong>.</strong></span> 
     </span>
     <span class='ocr_line' id='line_1_5' title="bbox 384 921 2531 1016; baseline -0 -25"><span class='ocrx_word' id='word_1_31' title='bbox 384 924 792 1016; x_wconf 86' lang='lat' dir='ltr'>imprimens</span> <span class='ocrx_word' id='word_1_32' title='bbox 823 924 876 1004; x_wconf 72' lang='lat' dir='ltr'>b,</span> <span class='ocrx_word' id='word_1_33' title='bbox 940 924 1160 994; x_wconf 82' lang='lat' dir='ltr'>dixit:</span> <span class='ocrx_word' id='word_1_34' title='bbox 1222 924 1398 1011; x_wconf 87' lang='lat' dir='ltr'>Quis</span> <span class='ocrx_word' id='word_1_35' title='bbox 1454 924 1686 1016; x_wconf 82' lang='lat' dir='ltr'>tangit</span> <span class='ocrx_word' id='word_1_36' title='bbox 1741 925 2090 993; x_wconf 72' lang='lat' dir='ltr'>lectumc?</span> <span class='ocrx_word' id='word_1_37' title='bbox 2150 926 2256 991; x_wconf 83' lang='lat'>14.</span> <span class='ocrx_word' id='word_1_38' title='bbox 2315 921 2531 990; x_wconf 81' lang='lat' dir='ltr'>Audi-</span> 
     </span>
     <span class='ocr_line' id='line_1_6' title="bbox 388 1029 2528 1122; baseline -0.001 -24"><span class='ocrx_word' id='word_1_39' title='bbox 388 1031 687 1122; x_wconf 71' lang='lat' dir='ltr'>vitqued</span> <span class='ocrx_word' id='word_1_40' title='bbox 733 1030 1070 1101; x_wconf 81' lang='lat' dir='ltr'>dicentem</span> <span class='ocrx_word' id='word_1_41' title='bbox 1098 1030 1264 1099; x_wconf 88' lang='lat' dir='ltr'>sibi:</span> <span class='ocrx_word' id='word_1_42' title='bbox 1302 1031 1654 1100; x_wconf 77' lang='lat' dir='ltr'>Audacter</span> <span class='ocrx_word' id='word_1_43' title='bbox 1684 1031 1885 1122; x_wconf 85' lang='lat' dir='ltr'>signa</span> <span class='ocrx_word' id='word_1_44' title='bbox 1916 1041 2009 1099; x_wconf 89' lang='lat' dir='ltr'>te.</span> <span class='ocrx_word' id='word_1_45' title='bbox 2047 1031 2140 1098; x_wconf 79' lang='lat' dir='ltr'>At</span> <span class='ocrx_word' id='word_1_46' title='bbox 2169 1030 2318 1097; x_wconf 87' lang='lat' dir='ltr'>illa:</span> <span class='ocrx_word' id='word_1_47' title='bbox 2355 1029 2528 1117; x_wconf 90' lang='lat' dir='ltr'>Quis</span> 
     </span>
     <span class='ocr_line' id='line_1_7' title="bbox 393 1136 2526 1231; baseline -0.001 -25"><span class='ocrx_word' id='word_1_48' title='bbox 393 1163 501 1218; x_wconf 77' lang='lat' dir='ltr'>eS‚</span> <span class='ocrx_word' id='word_1_49' title='bbox 536 1138 866 1205; x_wconf 85' lang='lat' dir='ltr'>domine?</span> <span class='ocrx_word' id='word_1_50' title='bbox 918 1139 1047 1208; x_wconf 93' lang='lat' dir='ltr'>Cui</span> <span class='ocrx_word' id='word_1_51' title='bbox 1108 1138 1219 1206; x_wconf 91' lang='lat' dir='ltr'>ille</span> <span class='ocrx_word' id='word_1_52' title='bbox 1272 1138 1677 1230; x_wconf 87' lang='lat' dir='ltr'>respondit:</span> <span class='ocrx_word' id='word_1_53' title='bbox 1739 1140 1895 1231; x_wconf 82' lang='lat' dir='ltr'>Ego</span> <span class='ocrx_word' id='word_1_54' title='bbox 1959 1160 2109 1205; x_wconf 90' lang='lat' dir='ltr'>sum</span> <span class='ocrx_word' id='word_1_55' title='bbox 2159 1136 2526 1206; x_wconf 77' lang='lat' dir='ltr'>Antonine.</span> 
     </span>
     <span class='ocr_line' id='line_1_8' title="bbox 394 1242 2525 1336; baseline -0.001 -23"><span class='ocrx_word' id='word_1_56' title='bbox 394 1245 949 1336; x_wconf 83' lang='lat' dir='ltr'>Exclamansque</span> <span class='ocrx_word' id='word_1_57' title='bbox 1004 1245 1244 1313; x_wconf 89' lang='lat' dir='ltr'>mulier</span> <span class='ocrx_word' id='word_1_58' title='bbox 1283 1245 1381 1313; x_wconf 89' lang='lat' dir='ltr'>ait</span> <span class='ocrx_word' id='word_1_59' title='bbox 1424 1268 1439 1312; x_wconf 74' lang='grc' dir='ltr'>ε</span> <span class='ocrx_word' id='word_1_60' title='bbox 1486 1245 1735 1313; x_wconf 88' lang='lat' dir='ltr'>Libera</span> <span class='ocrx_word' id='word_1_61' title='bbox 1773 1268 1905 1332; x_wconf 87' lang='lat' dir='ltr'>me,</span> <span class='ocrx_word' id='word_1_62' title='bbox 1958 1254 2194 1312; x_wconf 84' lang='lat' dir='ltr'>sancte</span> <span class='ocrx_word' id='word_1_63' title='bbox 2227 1242 2525 1311; x_wconf 81' lang='lat' dir='ltr'>Antoni!</span> 
     </span>
     <span class='ocr_line' id='line_1_9' title="bbox 395 1352 2532 1444; baseline -0.001 -24"><span class='ocrx_word' id='word_1_64' title='bbox 395 1353 534 1442; x_wconf 85' lang='lat' dir='ltr'>Qui</span> <span class='ocrx_word' id='word_1_65' title='bbox 583 1353 993 1444; x_wconf 88' lang='lat' dir='ltr'>respondit:</span> <span class='ocrx_word' id='word_1_66' title='bbox 1037 1355 1214 1421; x_wconf 88' lang='lat' dir='ltr'>Ecce</span> <span class='ocrx_word' id='word_1_67' title='bbox 1277 1353 1473 1421; x_wconf 82' lang='lat' dir='ltr'>salva</span> <span class='ocrx_word' id='word_1_68' title='bbox 1512 1352 1692 1421; x_wconf 79' lang='lat' dir='ltr'>sacta</span> <span class='ocrx_word' id='word_1_69' title='bbox 1730 1376 1829 1420; x_wconf 78' lang='lat' dir='ltr'>es,</span> <span class='ocrx_word' id='word_1_70' title='bbox 1888 1355 1992 1421; x_wconf 88' lang='lat'>15.</span> <span class='ocrx_word' id='word_1_71' title='bbox 2039 1354 2245 1419; x_wconf 87' lang='lat' dir='ltr'>Mane</span> <span class='ocrx_word' id='word_1_72' title='bbox 2302 1361 2532 1419; x_wconf 86' lang='lat' dir='ltr'>autem</span> 
     </span>
     <span class='ocr_line' id='line_1_10' title="bbox 394 1457 2532 1550; baseline -0.001 -23"><span class='ocrx_word' id='word_1_73' title='bbox 394 1460 607 1540; x_wconf 82' lang='lat' dir='ltr'>sact0‚</span> <span class='ocrx_word' id='word_1_74' title='bbox 662 1459 905 1529; x_wconf 87' lang='lat' dir='ltr'>mulier</span> <span class='ocrx_word' id='word_1_75' title='bbox 959 1459 1284 1529; x_wconf 84' lang='lat' dir='ltr'>roborata</span> <span class='ocrx_word' id='word_1_76' title='bbox 1332 1459 1632 1528; x_wconf 83' lang='lat' dir='ltr'>surrexit</span> <span class='ocrx_word' id='word_1_77' title='bbox 1676 1470 1743 1527; x_wconf 85' lang='lat' dir='ltr'>et</span> <span class='ocrx_word' id='word_1_78' title='bbox 1796 1459 2052 1528; x_wconf 87' lang='lat' dir='ltr'>nullum</span> <span class='ocrx_word' id='word_1_79' title='bbox 2107 1481 2396 1550; x_wconf 84' lang='lat' dir='ltr'>prorsus</span> <span class='ocrx_word' id='word_1_80' title='bbox 2445 1457 2532 1525; x_wconf 89' lang='lat' dir='ltr'>ab</span> 
     </span>
     <span class='ocr_line' id='line_1_11' title="bbox 396 1566 1315 1657; baseline 0.002 -23"><span class='ocrx_word' id='word_1_81' title='bbox 396 1566 561 1634; x_wconf 91' lang='lat' dir='ltr'>inde</span> <span class='ocrx_word' id='word_1_82' title='bbox 601 1589 980 1657; x_wconf 76' lang='lat' dir='ltr'>gravamen</span> <span class='ocrx_word' id='word_1_83' title='bbox 1004 1578 1030 1611; x_wconf 75' lang='lat'><em>⁶</em></span> <span class='ocrx_word' id='word_1_84' title='bbox 1070 1567 1315 1636; x_wconf 85' lang='lat' dir='ltr'>sensit.</span> 
     </span>
    </p>
   </div>
   <div class='ocr_carea' id='block_1_3' title="bbox 1162 1942 1759 2008">
    <p class='ocr_par' dir='ltr' id='par_1_3' title="bbox 1162 1942 1759 2008">
     <span class='ocr_line' id='line_1_12' title="bbox 1162 1942 1759 2008; baseline -0.007 0"><span class='ocrx_word' id='word_1_85' title='bbox 1162 1948 1281 2008; x_wconf 80' lang='lat'>33.</span> <span class='ocrx_word' id='word_1_86' title='bbox 1316 1950 1422 2007; x_wconf 83' lang='lat' dir='ltr'>De</span> <span class='ocrx_word' id='word_1_87' title='bbox 1452 1946 1682 2008; x_wconf 77' lang='lat' dir='ltr'>caecis</span> <span class='ocrx_word' id='word_1_88' title='bbox 1697 1942 1759 2004; x_wconf 81' lang='lat' dir='ltr'>s.</span> 
     </span>
    </p>
   </div>
   <div class='ocr_carea' id='block_1_4' title="bbox 404 2201 2546 3578">
    <p class='ocr_par' dir='ltr' id='par_1_4' title="bbox 404 2201 2540 2830">
     <span class='ocr_line' id='line_1_13' title="bbox 500 2201 2540 2293; baseline -0.001 -22"><span class='ocrx_word' id='word_1_89' title='bbox 500 2207 557 2271; x_wconf 91' lang='lat'>1.</span> <span class='ocrx_word' id='word_1_90' title='bbox 612 2201 850 2270; x_wconf 88' lang='lat' dir='ltr'>Puella</span> <span class='ocrx_word' id='word_1_91' title='bbox 898 2201 1234 2293; x_wconf 86' lang='lat' dir='ltr'>quaedam‚</span> <span class='ocrx_word' id='word_1_92' title='bbox 1278 2201 1662 2270; x_wconf 64' lang='lat' dir='ltr'>Auriemass&#39;</span> <span class='ocrx_word' id='word_1_93' title='bbox 1693 2201 1987 2289; x_wconf 88' lang='lat' dir='ltr'>nomine,</span> <span class='ocrx_word' id='word_1_94' title='bbox 2022 2225 2142 2292; x_wconf 83' lang='lat' dir='ltr'>per</span> <span class='ocrx_word' id='word_1_95' title='bbox 2182 2225 2432 2269; x_wconf 89' lang='lat' dir='ltr'>annum</span> <span class='ocrx_word' id='word_1_96' title='bbox 2472 2213 2540 2270; x_wconf 91' lang='lat' dir='ltr'>et</span> 
     </span>
     <span class='ocr_line' id='line_1_14' title="bbox 405 2309 2540 2400; baseline -0 -23"><span class='ocrx_word' id='word_1_97' title='bbox 405 2309 761 2378; x_wconf 89' lang='lat' dir='ltr'>dimidium</span> <span class='ocrx_word' id='word_1_98' title='bbox 827 2309 1176 2378; x_wconf 87' lang='lat' dir='ltr'>oculorum</span> <span class='ocrx_word' id='word_1_99' title='bbox 1242 2309 1496 2377; x_wconf 86' lang='lat' dir='ltr'>lumine</span> <span class='ocrx_word' id='word_1_100' title='bbox 1564 2309 1858 2400; x_wconf 86' lang='lat' dir='ltr'>privata,</span> <span class='ocrx_word' id='word_1_101' title='bbox 1925 2309 2011 2377; x_wconf 88' lang='lat' dir='ltr'>ad</span> <span class='ocrx_word' id='word_1_102' title='bbox 2072 2332 2298 2377; x_wconf 85' lang='lat' dir='ltr'>arcam</span> <span class='ocrx_word' id='word_1_103' title='bbox 2355 2309 2540 2377; x_wconf 84' lang='lat' dir='ltr'>beati</span> 
     </span>
     <span class='ocr_line' id='line_1_15' title="bbox 405 2415 2540 2509; baseline -0 -24"><span class='ocrx_word' id='word_1_104' title='bbox 405 2417 715 2497; x_wconf 86' lang='lat' dir='ltr'>Antonii,</span> <span class='ocrx_word' id='word_1_105' title='bbox 752 2415 1076 2486; x_wconf 82' lang='lat' dir='ltr'>sanitatis</span> <span class='ocrx_word' id='word_1_106' title='bbox 1117 2416 1370 2509; x_wconf 83' lang='lat' dir='ltr'>gratia,</span> <span class='ocrx_word' id='word_1_107' title='bbox 1426 2416 1788 2508; x_wconf 85' lang='lat' dir='ltr'>deportata</span> <span class='ocrx_word' id='word_1_108' title='bbox 1827 2426 1956 2485; x_wconf 87' lang='lat' dir='ltr'>est.</span> <span class='ocrx_word' id='word_1_109' title='bbox 2013 2419 2077 2485; x_wconf 89' lang='lat'>2.</span> <span class='ocrx_word' id='word_1_110' title='bbox 2122 2417 2293 2504; x_wconf 62' lang='lat' dir='ltr'>Quae</span> <span class='ocrx_word' id='word_1_111' title='bbox 2333 2440 2540 2508; x_wconf 89' lang='lat' dir='ltr'>quum</span> 
     </span>
     <span class='ocr_line' id='line_1_16' title="bbox 406 2523 2540 2616; baseline -0 -24"><span class='ocrx_word' id='word_1_112' title='bbox 406 2547 735 2616; x_wconf 86' lang='lat' dir='ltr'>pannum,</span> <span class='ocrx_word' id='word_1_113' title='bbox 792 2547 926 2616; x_wconf 92' lang='lat' dir='ltr'>quo</span> <span class='ocrx_word' id='word_1_114' title='bbox 999 2523 1492 2615; x_wconf 71' lang='lat' dir='ltr'>operiebaturh</span> <span class='ocrx_word' id='word_1_115' title='bbox 1553 2547 1738 2604; x_wconf 86' lang='lat' dir='ltr'>arca,</span> <span class='ocrx_word' id='word_1_116' title='bbox 1807 2524 2023 2592; x_wconf 89' lang='lat' dir='ltr'>oculis</span> <span class='ocrx_word' id='word_1_117' title='bbox 2101 2525 2247 2592; x_wconf 91' lang='lat' dir='ltr'>suis</span> <span class='ocrx_word' id='word_1_118' title='bbox 2322 2524 2540 2615; x_wconf 89' lang='lat' dir='ltr'>appli-</span> 
     </span>
     <span class='ocr_line' id='line_1_17' title="bbox 408 2630 2540 2723; baseline -0 -24"><span class='ocrx_word' id='word_1_119' title='bbox 408 2631 693 2711; x_wconf 87' lang='lat' dir='ltr'>cuisset,</span> <span class='ocrx_word' id='word_1_120' title='bbox 764 2654 948 2713; x_wconf 84' lang='lat' dir='ltr'>mox,</span> <span class='ocrx_word' id='word_1_121' title='bbox 1006 2630 1318 2723; x_wconf 68' lang='lat' dir='ltr'>apertis²</span> <span class='ocrx_word' id='word_1_122' title='bbox 1363 2630 1742 2723; x_wconf 87' lang='lat' dir='ltr'>palpebris,</span> <span class='ocrx_word' id='word_1_123' title='bbox 1801 2631 2029 2699; x_wconf 88' lang='lat' dir='ltr'>lumen</span> <span class='ocrx_word' id='word_1_124' title='bbox 2093 2631 2246 2699; x_wconf 89' lang='lat' dir='ltr'>coeli</span> <span class='ocrx_word' id='word_1_125' title='bbox 2307 2630 2540 2699; x_wconf 85' lang='lat' dir='ltr'>videre</span> 
     </span>
     <span class='ocr_line' id='line_1_18' title="bbox 404 2736 863 2830; baseline 0.002 -24"><span class='ocrx_word' id='word_1_126' title='bbox 404 2738 784 2830; x_wconf 87' lang='lat' dir='ltr'>promeruit</span> <span class='ocrx_word' id='word_1_127' title='bbox 815 2736 863 2806; x_wconf 71' lang='lat'>5.</span> 
     </span>
    </p>

    <p class='ocr_par' dir='ltr' id='par_1_5' title="bbox 405 2843 2546 3578">
     <span class='ocr_line' id='line_1_19' title="bbox 495 2843 2538 2935; baseline -0.001 -21"><span class='ocrx_word' id='word_1_128' title='bbox 495 2849 560 2915; x_wconf 89' lang='lat'>3.</span> <span class='ocrx_word' id='word_1_129' title='bbox 618 2849 865 2914; x_wconf 86' lang='lat' dir='ltr'>Frater</span> <span class='ocrx_word' id='word_1_130' title='bbox 921 2844 1197 2935; x_wconf 88' lang='lat' dir='ltr'>quidam</span> <span class='ocrx_word' id='word_1_131' title='bbox 1252 2844 1336 2912; x_wconf 90' lang='lat' dir='ltr'>de</span> <span class='ocrx_word' id='word_1_132' title='bbox 1393 2843 1631 2913; x_wconf 87' lang='lat' dir='ltr'>ordine</span> <span class='ocrx_word' id='word_1_133' title='bbox 1691 2845 2062 2914; x_wconf 56' lang='lat' dir='ltr'>Fratrum*</span> <span class='ocrx_word' id='word_1_134' title='bbox 2119 2845 2461 2913; x_wconf 85' lang='lat' dir='ltr'>Minorum</span> <span class='ocrx_word' id='word_1_135' title='bbox 2493 2848 2538 2924; x_wconf 68' lang='lat' dir='ltr'>l,</span> 
     </span>
     <span class='ocr_line' id='line_1_20' title="bbox 405 2950 2543 3043; baseline -0.001 -24"><span class='ocrx_word' id='word_1_136' title='bbox 405 2951 880 3020; x_wconf 80' lang='lat' dir='ltr'>Theodericus</span> <span class='ocrx_word' id='word_1_137' title='bbox 927 2951 1225 3032; x_wconf 86' lang='lat' dir='ltr'>nomine,</span> <span class='ocrx_word' id='word_1_138' title='bbox 1270 2950 1556 3019; x_wconf 87' lang='lat' dir='ltr'>duorum</span> <span class='ocrx_word' id='word_1_139' title='bbox 1597 2974 1928 3019; x_wconf 88' lang='lat' dir='ltr'>annorum</span> <span class='ocrx_word' id='word_1_140' title='bbox 1981 2952 2208 3043; x_wconf 89' lang='lat' dir='ltr'>spatio</span> <span class='ocrx_word' id='word_1_141' title='bbox 2261 2952 2543 3021; x_wconf 88' lang='lat' dir='ltr'>sinistro</span> 
     </span>
     <span class='ocr_line' id='line_1_21' title="bbox 406 3057 2543 3149; baseline -0 -24"><span class='ocrx_word' id='word_1_142' title='bbox 406 3059 660 3127; x_wconf 89' lang='lat' dir='ltr'>lumine</span> <span class='ocrx_word' id='word_1_143' title='bbox 705 3058 992 3127; x_wconf 87' lang='lat' dir='ltr'>orbatus</span> <span class='ocrx_word' id='word_1_144' title='bbox 1016 3071 1089 3140; x_wconf 69' lang='lat' dir='ltr'>m,</span> <span class='ocrx_word' id='word_1_145' title='bbox 1132 3057 1215 3125; x_wconf 90' lang='lat' dir='ltr'>de</span> <span class='ocrx_word' id='word_1_146' title='bbox 1255 3058 1522 3149; x_wconf 78' lang='lat' dir='ltr'>Apuliae</span> <span class='ocrx_word' id='word_1_147' title='bbox 1565 3057 1816 3126; x_wconf 86' lang='lat' dir='ltr'>finibus</span> <span class='ocrx_word' id='word_1_148' title='bbox 1848 3057 1937 3125; x_wconf 90' lang='lat' dir='ltr'>ad</span> <span class='ocrx_word' id='word_1_149' title='bbox 1976 3057 2543 3126; x_wconf 69' lang='lat' dir='ltr'>areamnsanctio</span> 
     </span>
     <span class='ocr_line' id='line_1_22' title="bbox 405 3163 2546 3257; baseline -0.001 -24"><span class='ocrx_word' id='word_1_150' title='bbox 405 3166 627 3257; x_wconf 86' lang='lat' dir='ltr'>patris</span> <span class='ocrx_word' id='word_1_151' title='bbox 682 3163 968 3235; x_wconf 76' lang='lat' dir='ltr'>Antonii</span> <span class='ocrx_word' id='word_1_152' title='bbox 1019 3163 1309 3233; x_wconf 85' lang='lat' dir='ltr'>devotus</span> <span class='ocrx_word' id='word_1_153' title='bbox 1367 3165 1662 3234; x_wconf 82' lang='lat' dir='ltr'>accessit</span> <span class='ocrx_word' id='word_1_154' title='bbox 1682 3179 1745 3233; x_wconf 78' lang='lat' dir='ltr'>P.</span> <span class='ocrx_word' id='word_1_155' title='bbox 1806 3167 1873 3233; x_wconf 88' lang='lat'>4.</span> <span class='ocrx_word' id='word_1_156' title='bbox 1932 3165 2068 3252; x_wconf 88' lang='lat' dir='ltr'>Qui</span> <span class='ocrx_word' id='word_1_157' title='bbox 2127 3188 2358 3256; x_wconf 87' lang='lat' dir='ltr'>quum,</span> <span class='ocrx_word' id='word_1_158' title='bbox 2420 3163 2546 3231; x_wconf 84' lang='lat' dir='ltr'>ali-</span> 
     </span>
     <span class='ocr_line' id='line_1_23' title="bbox 407 3271 2545 3363; baseline -0.001 -23"><span class='ocrx_word' id='word_1_159' title='bbox 407 3272 713 3363; x_wconf 86' lang='lat' dir='ltr'>quandiu</span> <span class='ocrx_word' id='word_1_160' title='bbox 780 3294 932 3339; x_wconf 90' lang='lat' dir='ltr'>cum</span> <span class='ocrx_word' id='word_1_161' title='bbox 987 3271 1315 3340; x_wconf 79' lang='lat' dir='ltr'>fratribus</span> <span class='ocrx_word' id='word_1_162' title='bbox 1374 3271 1626 3339; x_wconf 83' lang='lat' dir='ltr'>Paduae</span> <span class='ocrx_word' id='word_1_163' title='bbox 1683 3282 2168 3360; x_wconf 77' lang='lat' dir='ltr'>commoratu8‚</span> <span class='ocrx_word' id='word_1_164' title='bbox 2224 3271 2545 3341; x_wconf 85' lang='lat' dir='ltr'>sanitatis</span> 
     </span>
     <span class='ocr_line' id='line_1_24' title="bbox 406 3378 2546 3470; baseline -0.001 -22"><span class='ocrx_word' id='word_1_165' title='bbox 406 3379 765 3470; x_wconf 62' lang='lat' dir='ltr'>gratiam?</span> <span class='ocrx_word' id='word_1_166' title='bbox 803 3378 1148 3447; x_wconf 78' lang='lat' dir='ltr'>instanter</span> <span class='ocrx_word' id='word_1_167' title='bbox 1194 3380 1645 3469; x_wconf 80' lang='lat' dir='ltr'>postulasset,</span> <span class='ocrx_word' id='word_1_168' title='bbox 1688 3389 1924 3470; x_wconf 85' lang='lat' dir='ltr'>optato</span> <span class='ocrx_word' id='word_1_169' title='bbox 1971 3379 2247 3447; x_wconf 90' lang='lat' dir='ltr'>tandem</span> <span class='ocrx_word' id='word_1_170' title='bbox 2286 3379 2546 3470; x_wconf 86' lang='lat' dir='ltr'>potitus</span> 
     </span>
     <span class='ocr_line' id='line_1_25' title="bbox 406 3485 1892 3578; baseline 0.001 -25"><span class='ocrx_word' id='word_1_171' title='bbox 406 3486 690 3567; x_wconf 87' lang='lat' dir='ltr'>lumine,</span> <span class='ocrx_word' id='word_1_172' title='bbox 737 3489 882 3553; x_wconf 91' lang='lat' dir='ltr'>Deo</span> <span class='ocrx_word' id='word_1_173' title='bbox 915 3486 1180 3578; x_wconf 81' lang='lat' dir='ltr'>gratias</span> <span class='ocrx_word' id='word_1_174' title='bbox 1220 3509 1440 3578; x_wconf 84' lang='lat' dir='ltr'>agens</span> <span class='ocrx_word' id='word_1_175' title='bbox 1470 3499 1498 3528; x_wconf 62' lang='grc' dir='ltr'><strong>Γ</strong></span> <span class='ocrx_word' id='word_1_176' title='bbox 1530 3485 1819 3555; x_wconf 85' lang='lat' dir='ltr'>recessit</span> <span class='ocrx_word' id='word_1_177' title='bbox 1845 3499 1892 3554; x_wconf 81' lang='lat'>⁸.</span> 
     </span>
    </p>
   </div>
   <div class='ocr_carea' id='block_1_5' title="bbox 405 3679 2557 4380">
    <p class='ocr_par' dir='ltr' id='par_1_6' title="bbox 405 3679 2557 4380">
     <span class='ocr_line' id='line_1_26' title="bbox 461 3679 2553 3738; baseline 0 -11"><span class='ocrx_word' id='word_1_178' title='bbox 461 3695 510 3727; x_wconf 81' lang='lat' dir='ltr'>a.</span> <span class='ocrx_word' id='word_1_179' title='bbox 527 3685 643 3727; x_wconf 77' lang='lat' dir='ltr'>Ano.</span> <span class='ocrx_word' id='word_1_180' title='bbox 661 3695 753 3725; x_wconf 87' lang='lat' dir='ltr'>om.</span> <span class='ocrx_word' id='word_1_181' title='bbox 778 3683 847 3726; x_wconf 82' lang='lat' dir='ltr'>les</span> <span class='ocrx_word' id='word_1_182' title='bbox 862 3679 1027 3726; x_wconf 66' lang='lat' dir='ltr'>details</span> <span class='ocrx_word' id='word_1_183' title='bbox 1045 3700 1054 3727; x_wconf 87' lang='grc'>;</span> <span class='ocrx_word' id='word_1_184' title='bbox 1076 3693 1361 3738; x_wconf 81' lang='lat' dir='ltr'>vocansque</span> <span class='ocrx_word' id='word_1_185' title='bbox 1376 3683 1649 3738; x_wconf 81' lang='lat' dir='ltr'>quemdam</span> <span class='ocrx_word' id='word_1_186' title='bbox 1665 3695 1692 3727; x_wconf 87' lang='lat' dir='ltr'>e</span> <span class='ocrx_word' id='word_1_187' title='bbox 1707 3682 1873 3728; x_wconf 82' lang='lat' dir='ltr'>vicino</span> <span class='ocrx_word' id='word_1_188' title='bbox 1889 3686 2305 3735; x_wconf 73' lang='lat' dir='ltr'>commorantem,</span> <span class='ocrx_word' id='word_1_189' title='bbox 2322 3682 2553 3738; x_wconf 79' lang='lat' dir='ltr'>quaesivit</span> 
     </span>
     <span class='ocr_line' id='line_1_27' title="bbox 405 3753 2547 3810; baseline 0 -12"><span class='ocrx_word' id='word_1_190' title='bbox 405 3754 451 3798; x_wconf 70' lang='lat' dir='ltr'>si</span> <span class='ocrx_word' id='word_1_191' title='bbox 488 3753 613 3809; x_wconf 82' lang='lat' dir='ltr'>quid</span> <span class='ocrx_word' id='word_1_192' title='bbox 651 3754 837 3799; x_wconf 79' lang='lat' dir='ltr'>auditu</span> <span class='ocrx_word' id='word_1_193' title='bbox 870 3753 1197 3809; x_wconf 77' lang='lat' dir='ltr'>percepisset.</span> <span class='ocrx_word' id='word_1_194' title='bbox 1229 3754 1338 3807; x_wconf 82' lang='lat' dir='ltr'>Quo</span> <span class='ocrx_word' id='word_1_195' title='bbox 1377 3756 1711 3810; x_wconf 77' lang='lat' dir='ltr'>respondente</span> <span class='ocrx_word' id='word_1_196' title='bbox 1735 3754 1856 3810; x_wconf 81' lang='lat' dir='ltr'>quia</span> <span class='ocrx_word' id='word_1_197' title='bbox 1883 3755 2013 3799; x_wconf 81' lang='lat' dir='ltr'>nihil</span> <span class='ocrx_word' id='word_1_198' title='bbox 2037 3755 2246 3799; x_wconf 87' lang='lat' dir='ltr'>omnino</span> <span class='ocrx_word' id='word_1_199' title='bbox 2280 3754 2547 3807; x_wconf 78' lang='lat' dir='ltr'>sonuisset,</span> 
     </span>
     <span class='ocr_line' id='line_1_28' title="bbox 406 3812 2550 3883; baseline 0 -14"><span class='ocrx_word' id='word_1_200' title='bbox 406 3826 461 3869; x_wconf 76' lang='lat' dir='ltr'>in</span> <span class='ocrx_word' id='word_1_201' title='bbox 501 3824 629 3869; x_wconf 81' lang='lat' dir='ltr'>tecto</span> <span class='ocrx_word' id='word_1_202' title='bbox 655 3825 842 3869; x_wconf 66' lang='lat' dir='ltr'>resedit</span> <span class='ocrx_word' id='word_1_203' title='bbox 866 3827 911 3868; x_wconf 86' lang='lat' dir='ltr'>et</span> <span class='ocrx_word' id='word_1_204' title='bbox 934 3824 1159 3881; x_wconf 81' lang='lat' dir='ltr'>projecta</span> <span class='ocrx_word' id='word_1_205' title='bbox 1182 3836 1338 3881; x_wconf 81' lang='lat' dir='ltr'>super</span> <span class='ocrx_word' id='word_1_206' title='bbox 1363 3836 1417 3869; x_wconf 79' lang='lat' dir='ltr'>se</span> <span class='ocrx_word' id='word_1_207' title='bbox 1446 3826 1637 3870; x_wconf 81' lang='lat' dir='ltr'>tunica.</span> <span class='ocrx_word' id='word_1_208' title='bbox 1661 3849 1715 3857; x_wconf 92' lang='lat'>—</span> <span class='ocrx_word' id='word_1_209' title='bbox 1744 3826 1787 3869; x_wconf 86' lang='lat' dir='ltr'>b.</span> <span class='ocrx_word' id='word_1_210' title='bbox 1818 3812 1967 3870; x_wconf 61' lang='lat' dir='ltr'>Paris⁸</span> <span class='ocrx_word' id='word_1_211' title='bbox 1987 3825 2209 3881; x_wconf 72' lang='lat' dir='ltr'>frontem</span> <span class='ocrx_word' id='word_1_212' title='bbox 2235 3825 2550 3883; x_wconf 84' lang='lat' dir='ltr'>imprimens.</span> 
     </span>
     <span class='ocr_line' id='line_1_29' title="bbox 406 3895 2553 3952; baseline 0 -13"><span class='ocrx_word' id='word_1_213' title='bbox 406 3919 461 3929; x_wconf 90' lang='lat'>-·</span> <span class='ocrx_word' id='word_1_214' title='bbox 485 3907 529 3940; x_wconf 89' lang='lat' dir='ltr'>c.</span> <span class='ocrx_word' id='word_1_215' title='bbox 556 3895 692 3939; x_wconf 79' lang='lat' dir='ltr'>Paris</span> <span class='ocrx_word' id='word_1_216' title='bbox 712 3895 901 3940; x_wconf 86' lang='lat' dir='ltr'>tectum</span> <span class='ocrx_word' id='word_1_217' title='bbox 926 3895 1100 3951; x_wconf 72' lang='lat' dir='ltr'>tanqit.</span> <span class='ocrx_word' id='word_1_218' title='bbox 1139 3919 1192 3927; x_wconf 94' lang='lat'>—</span> <span class='ocrx_word' id='word_1_219' title='bbox 1214 3897 1263 3939; x_wconf 86' lang='lat' dir='ltr'>d.</span> <span class='ocrx_word' id='word_1_220' title='bbox 1290 3895 1403 3940; x_wconf 87' lang='lat' dir='ltr'>Luc.</span> <span class='ocrx_word' id='word_1_221' title='bbox 1431 3901 1477 3940; x_wconf 86' lang='lat' dir='ltr'>et</span> <span class='ocrx_word' id='word_1_222' title='bbox 1500 3895 1613 3940; x_wconf 84' lang='lat' dir='ltr'>Pad.</span> <span class='ocrx_word' id='word_1_223' title='bbox 1640 3897 1742 3941; x_wconf 82' lang='lat' dir='ltr'>add.</span> <span class='ocrx_word' id='word_1_224' title='bbox 1768 3909 1957 3942; x_wconf 85' lang='lat' dir='ltr'>vocem.</span> <span class='ocrx_word' id='word_1_225' title='bbox 1979 3920 2032 3930; x_wconf 91' lang='lat'>—</span> <span class='ocrx_word' id='word_1_226' title='bbox 2052 3909 2092 3942; x_wconf 88' lang='lat' dir='ltr'>e.</span> <span class='ocrx_word' id='word_1_227' title='bbox 2119 3896 2252 3941; x_wconf 80' lang='lat' dir='ltr'>Paris</span> <span class='ocrx_word' id='word_1_228' title='bbox 2280 3909 2553 3952; x_wconf 69' lang='lat' dir='ltr'>pravamen</span> 
     </span>
     <span class='ocr_line' id='line_1_30' title="bbox 408 3965 2555 4022; baseline 0 -11"><span class='ocrx_word' id='word_1_229' title='bbox 408 3967 471 4011; x_wconf 80' lang='lat' dir='ltr'>ab</span> <span class='ocrx_word' id='word_1_230' title='bbox 510 3966 645 4010; x_wconf 83' lang='lat' dir='ltr'>inde.</span> <span class='ocrx_word' id='word_1_231' title='bbox 669 3990 726 3998; x_wconf 91' lang='lat'>—</span> <span class='ocrx_word' id='word_1_232' title='bbox 753 3965 790 4021; x_wconf 79' lang='grc' dir='ltr'>Ῑ.</span> <span class='ocrx_word' id='word_1_233' title='bbox 818 3968 921 4011; x_wconf 85' lang='lat' dir='ltr'>Alc.</span> <span class='ocrx_word' id='word_1_234' title='bbox 947 3966 1041 4012; x_wconf 78' lang='grc'><strong>286.</strong></span> <span class='ocrx_word' id='word_1_235' title='bbox 1069 3967 1197 4011; x_wconf 87' lang='lat' dir='ltr'>Item</span> <span class='ocrx_word' id='word_1_236' title='bbox 1223 3968 1285 4011; x_wconf 84' lang='lat' dir='ltr'>de</span> <span class='ocrx_word' id='word_1_237' title='bbox 1310 3967 1471 4012; x_wconf 79' lang='lat' dir='ltr'>caecis.</span> <span class='ocrx_word' id='word_1_238' title='bbox 1501 3967 1615 4011; x_wconf 84' lang='lat' dir='ltr'>Luc.</span> <span class='ocrx_word' id='word_1_239' title='bbox 1649 3969 1865 4022; x_wconf 70' lang='lat' dir='ltr'>Siynum</span> <span class='ocrx_word' id='word_1_240' title='bbox 1890 3969 1952 4013; x_wconf 89' lang='lat' dir='ltr'>de</span> <span class='ocrx_word' id='word_1_241' title='bbox 1974 3968 2135 4013; x_wconf 79' lang='lat' dir='ltr'>caecis.</span> <span class='ocrx_word' id='word_1_242' title='bbox 2162 3968 2295 4012; x_wconf 79' lang='lat' dir='ltr'>Paris</span> <span class='ocrx_word' id='word_1_243' title='bbox 2319 3969 2389 4013; x_wconf 82' lang='lat' dir='ltr'>De</span> <span class='ocrx_word' id='word_1_244' title='bbox 2412 3970 2555 4012; x_wconf 79' lang='lat' dir='ltr'>caecis</span> 
     </span>
     <span class='ocr_line' id='line_1_31' title="bbox 410 4037 2552 4094; baseline 0.001 -13"><span class='ocrx_word' id='word_1_245' title='bbox 410 4037 736 4083; x_wconf 70' lang='lat' dir='ltr'>mammetis.</span> <span class='ocrx_word' id='word_1_246' title='bbox 758 4061 811 4069; x_wconf 94' lang='lat'>—</span> <span class='ocrx_word' id='word_1_247' title='bbox 829 4051 875 4093; x_wconf 80' lang='lat'>9.</span> <span class='ocrx_word' id='word_1_248' title='bbox 898 4038 1002 4083; x_wconf 79' lang='lat' dir='ltr'>Alc.</span> <span class='ocrx_word' id='word_1_249' title='bbox 1021 4038 1102 4083; x_wconf 81' lang='lat'>286</span> <span class='ocrx_word' id='word_1_250' title='bbox 1116 4037 1382 4083; x_wconf 80' lang='lat' dir='ltr'>Aurienia.</span> <span class='ocrx_word' id='word_1_251' title='bbox 1399 4062 1452 4071; x_wconf 91' lang='lat'>-</span> <span class='ocrx_word' id='word_1_252' title='bbox 1471 4039 1521 4082; x_wconf 85' lang='lat' dir='ltr'>h.</span> <span class='ocrx_word' id='word_1_253' title='bbox 1546 4038 1658 4082; x_wconf 89' lang='lat' dir='ltr'>Luc.</span> <span class='ocrx_word' id='word_1_254' title='bbox 1686 4039 2078 4094; x_wconf 76' lang='lat' dir='ltr'>cooperiebatur.</span> <span class='ocrx_word' id='word_1_255' title='bbox 2110 4062 2163 4071; x_wconf 89' lang='lat'><strong>—</strong></span> <span class='ocrx_word' id='word_1_256' title='bbox 2179 4039 2209 4083; x_wconf 92' lang='lat' dir='ltr'>i.</span> <span class='ocrx_word' id='word_1_257' title='bbox 2241 4040 2343 4083; x_wconf 81' lang='lat' dir='ltr'>Alc.</span> <span class='ocrx_word' id='word_1_258' title='bbox 2369 4041 2449 4083; x_wconf 69' lang='lat'>986</span> <span class='ocrx_word' id='word_1_259' title='bbox 2464 4052 2552 4083; x_wconf 91' lang='lat' dir='ltr'>om.</span> 
     </span>
     <span class='ocr_line' id='line_1_32' title="bbox 409 4108 2557 4167; baseline 0 -15"><span class='ocrx_word' id='word_1_260' title='bbox 409 4111 620 4166; x_wconf 70' lang='lat' dir='ltr'>apertis.</span> <span class='ocrx_word' id='word_1_261' title='bbox 644 4133 699 4142; x_wconf 86' lang='lat'><em>-</em></span> <span class='ocrx_word' id='word_1_262' title='bbox 716 4108 755 4164; x_wconf 76' lang='lat' dir='ltr'>j.</span> <span class='ocrx_word' id='word_1_263' title='bbox 784 4108 900 4153; x_wconf 86' lang='lat' dir='ltr'>Luc.</span> <span class='ocrx_word' id='word_1_264' title='bbox 929 4109 1283 4167; x_wconf 86' lang='lat' dir='ltr'>repromeruit.</span> <span class='ocrx_word' id='word_1_265' title='bbox 1302 4132 1356 4141; x_wconf 95' lang='lat'>—</span> <span class='ocrx_word' id='word_1_266' title='bbox 1379 4109 1426 4153; x_wconf 71' lang='lat' dir='ltr'>k.</span> <span class='ocrx_word' id='word_1_267' title='bbox 1454 4109 1589 4153; x_wconf 79' lang='lat' dir='ltr'>Puris</span> <span class='ocrx_word' id='word_1_268' title='bbox 1603 4122 1691 4153; x_wconf 83' lang='lat' dir='ltr'>om.</span> <span class='ocrx_word' id='word_1_269' title='bbox 1721 4110 1976 4155; x_wconf 75' lang='lat' dir='ltr'>Fratrum.</span> <span class='ocrx_word' id='word_1_270' title='bbox 2002 4134 2057 4142; x_wconf 90' lang='lat'>—</span> <span class='ocrx_word' id='word_1_271' title='bbox 2082 4110 2112 4153; x_wconf 89' lang='lat' dir='ltr'>t.</span> <span class='ocrx_word' id='word_1_272' title='bbox 2138 4112 2254 4154; x_wconf 81' lang='lat' dir='ltr'>Anc.</span> <span class='ocrx_word' id='word_1_273' title='bbox 2281 4112 2342 4155; x_wconf 84' lang='lat' dir='ltr'>de</span> <span class='ocrx_word' id='word_1_274' title='bbox 2378 4110 2557 4154; x_wconf 80' lang='lat' dir='ltr'>ordine</span> 
     </span>
     <span class='ocr_line' id='line_1_33' title="bbox 408 4180 2554 4238; baseline 0 -13"><span class='ocrx_word' id='word_1_275' title='bbox 408 4184 602 4225; x_wconf 75' lang='lat' dir='ltr'>nostro.</span> <span class='ocrx_word' id='word_1_276' title='bbox 623 4204 679 4213; x_wconf 90' lang='lat'>--</span> <span class='ocrx_word' id='word_1_277' title='bbox 708 4192 777 4224; x_wconf 87' lang='lat' dir='ltr'>m.</span> <span class='ocrx_word' id='word_1_278' title='bbox 805 4180 921 4225; x_wconf 86' lang='lat' dir='ltr'>Luc.</span> <span class='ocrx_word' id='word_1_279' title='bbox 948 4180 1147 4225; x_wconf 75' lang='lat' dir='ltr'>sinistri</span> <span class='ocrx_word' id='word_1_280' title='bbox 1165 4180 1302 4225; x_wconf 83' lang='lat' dir='ltr'>ocuti</span> <span class='ocrx_word' id='word_1_281' title='bbox 1324 4180 1779 4236; x_wconf 77' lang='lat' dir='ltr'>visioneprivatus.</span> <span class='ocrx_word' id='word_1_282' title='bbox 1805 4205 1859 4213; x_wconf 94' lang='lat'>—</span> <span class='ocrx_word' id='word_1_283' title='bbox 1881 4194 1932 4226; x_wconf 89' lang='lat' dir='ltr'>n.</span> <span class='ocrx_word' id='word_1_284' title='bbox 1959 4181 2072 4226; x_wconf 80' lang='lat' dir='ltr'>Luc.</span> <span class='ocrx_word' id='word_1_285' title='bbox 2097 4182 2408 4238; x_wconf 81' lang='lat' dir='ltr'>sepulcrum.</span> <span class='ocrx_word' id='word_1_286' title='bbox 2433 4205 2485 4213; x_wconf 93' lang='lat'>—</span> <span class='ocrx_word' id='word_1_287' title='bbox 2509 4193 2554 4225; x_wconf 90' lang='lat' dir='ltr'>o.</span> 
     </span>
     <span class='ocr_line' id='line_1_34' title="bbox 408 4249 2554 4309; baseline 0 -12"><span class='ocrx_word' id='word_1_288' title='bbox 408 4251 549 4297; x_wconf 73' lang='lat' dir='ltr'>Paris</span> <span class='ocrx_word' id='word_1_289' title='bbox 572 4252 720 4298; x_wconf 79' lang='lat' dir='ltr'>beati.</span> <span class='ocrx_word' id='word_1_290' title='bbox 735 4274 789 4284; x_wconf 90' lang='lat'><em>-</em></span> <span class='ocrx_word' id='word_1_291' title='bbox 810 4264 860 4308; x_wconf 89' lang='lat' dir='ltr'>p.</span> <span class='ocrx_word' id='word_1_292' title='bbox 882 4249 997 4296; x_wconf 85' lang='lat' dir='ltr'>Luc.</span> <span class='ocrx_word' id='word_1_293' title='bbox 1024 4263 1126 4296; x_wconf 82' lang='lat' dir='ltr'>non</span> <span class='ocrx_word' id='word_1_294' title='bbox 1147 4252 1335 4307; x_wconf 78' lang='lat' dir='ltr'>absque</span> <span class='ocrx_word' id='word_1_295' title='bbox 1359 4262 1542 4308; x_wconf 71' lang='lat' dir='ltr'>mayno</span> <span class='ocrx_word' id='word_1_296' title='bbox 1568 4252 1820 4307; x_wconf 82' lang='lat' dir='ltr'>corporati</span> <span class='ocrx_word' id='word_1_297' title='bbox 1843 4253 2143 4298; x_wconf 81' lang='lat' dir='ltr'>discrimine</span> <span class='ocrx_word' id='word_1_298' title='bbox 2165 4253 2381 4309; x_wconf 76' lang='lat' dir='ltr'>supplex</span> <span class='ocrx_word' id='word_1_299' title='bbox 2402 4252 2554 4297; x_wconf 84' lang='lat' dir='ltr'>venit.</span> 
     </span>
     <span class='ocr_line' id='line_1_35' title="bbox 407 4322 2556 4380; baseline 0 -13"><span class='ocrx_word' id='word_1_300' title='bbox 407 4345 466 4356; x_wconf 91' lang='lat'>-</span> <span class='ocrx_word' id='word_1_301' title='bbox 488 4334 539 4378; x_wconf 80' lang='lat' dir='ltr'>q.</span> <span class='ocrx_word' id='word_1_302' title='bbox 555 4324 661 4367; x_wconf 76' lang='lat' dir='ltr'>Alc.</span> <span class='ocrx_word' id='word_1_303' title='bbox 688 4322 769 4369; x_wconf 78' lang='grc'>286</span> <span class='ocrx_word' id='word_1_304' title='bbox 790 4322 974 4380; x_wconf 72' lang='lat' dir='ltr'>qratia.</span> <span class='ocrx_word' id='word_1_305' title='bbox 989 4346 1042 4358; x_wconf 94' lang='lat'><em>-</em></span> <span class='ocrx_word' id='word_1_306' title='bbox 1059 4335 1099 4369; x_wconf 90' lang='lat' dir='ltr'>r.</span> <span class='ocrx_word' id='word_1_307' title='bbox 1117 4324 1220 4369; x_wconf 77' lang='lat' dir='ltr'>Alc.</span> <span class='ocrx_word' id='word_1_308' title='bbox 1245 4324 1325 4370; x_wconf 78' lang='grc'>286</span> <span class='ocrx_word' id='word_1_309' title='bbox 1347 4335 1436 4368; x_wconf 87' lang='lat' dir='ltr'>om.</span> <span class='ocrx_word' id='word_1_310' title='bbox 1460 4334 1703 4379; x_wconf 74' lang='lat' dir='ltr'>aqens.-</span> <span class='ocrx_word' id='word_1_311' title='bbox 1721 4335 1762 4370; x_wconf 76' lang='lat' dir='ltr'>s.</span> <span class='ocrx_word' id='word_1_312' title='bbox 1782 4322 1895 4370; x_wconf 85' lang='lat' dir='ltr'>Luc.</span> <span class='ocrx_word' id='word_1_313' title='bbox 1922 4323 2120 4380; x_wconf 77' lang='lat' dir='ltr'>amplifie</span> <span class='ocrx_word' id='word_1_314' title='bbox 2142 4325 2259 4369; x_wconf 74' lang='lat' dir='ltr'>ainsi</span> <span class='ocrx_word' id='word_1_315' title='bbox 2285 4326 2328 4368; x_wconf 83' lang='lat' dir='ltr'>la</span> <span class='ocrx_word' id='word_1_316' title='bbox 2351 4323 2556 4367; x_wconf 58' lang='lat' dir='ltr'>det-nitere</span> 
     </span>
    </p>
   </div>
   <div class='ocr_carea' id='block_1_6' title="bbox 2449 4429 2475 4474">
    <p class='ocr_par' dir='ltr' id='par_1_7' title="bbox 2449 4429 2475 4474">
     <span class='ocr_line' id='line_1_36' title="bbox 2449 4429 2475 4474; baseline 0 0"><span class='ocrx_word' id='word_1_317' title='bbox 2449 4429 2475 4474; x_wconf 91' lang='grc'>7</span> 
     </span>
    </p>
   </div>
  </div>
 </body>
</html>
