3109 4950
936 453 998 501 s,
1050 452 1340 502 *monn
1388 453 1715 501 Luctum
1763 453 2004 514 plum,
2055 434 2139 502 31
2503 434 2587 503 91

449 604 857 676 erexerunt3
901 617 1220 685 moxque,
1269 592 1666 662 videntibus
1716 593 1980 663 cunctis
2007 607 2066 675 ⁰,
2109 591 2303 661 nervi
2343 592 2537 684 pedis
2564 591 2592 636 ⁶

449 701 601 792 ejus
630 700 945 770 extensi⁶
984 711 1169 769 sunt.
1213 703 1324 770 49.
1372 700 1587 792 lpsed
1617 700 1934 793 denique,
1971 699 2281 770 dimissis
2324 699 2587 781 seruliS‚

446 809 743 877 festinus
769 808 1041 876 domum
1084 808 1318 890 rediit3
1353 808 1459 876 cui
1490 831 1858 877 occurrens
1885 807 2137 876 vicinia
2163 821 2189 852 ⁶
2209 818 2381 886 tota,
2416 806 2590 875 fusis

447 915 753 984 lacrimis
811 939 889 983 ac
941 914 1236 1007 pulsatis
1291 915 1672 1007 campanis»,
1731 917 1875 983 Deo
1929 925 1997 984 et
2045 915 2248 984 beato
2290 915 2589 982 Antonio

452 1024 722 1116 gratias
763 1023 930 1113 egit.

541 1134 653 1200 50.
677 1130 926 1198 Mulier
945 1130 986 1187 s
1012 1129 1327 1221 quaednm
1349 1129 1433 1197 de
1455 1128 1837 1199 Savonaria
1855 1144 1892 1188 ὅ
1909 1131 1954 1208 ¹,
1981 1129 2202 1200 Maria
2236 1130 2505 1198 nomine
2527 1129 2584 1210 ἢ,

450 1260 682 1329 quum,
726 1237 814 1304 ab
868 1236 1069 1304 annis
1126 1235 1505 1319 duodecim,
1551 1261 1592 1304 a
1632 1237 1845 1305 latere
1885 1236 2177 1304 dextros
2216 1236 2391 1305 infru
2445 1237 2589 1305 cin-

450 1344 687 1435 gulum
727 1342 911 1411 omni
939 1343 969 1400 J'
1010 1343 1465 1412 membrorum
1508 1367 1642 1411 usu
1680 1343 1928 1411 suisset
1970 1343 2298 1412 destituta
2331 1344 2401 1411 in
2431 1354 2588 1411 tan-

446 1462 594 1519 tum
630 1461 732 1530 ut,
776 1474 912 1519 non
950 1450 1086 1518 nisi
1125 1450 1496 1519 scanellis*
1524 1452 1881 1529 subvecta,
1915 1460 2266 1518 contracta
2298 1451 2413 1518 vix
2446 1461 2588 1518 tra-

445 1559 643 1626 heret
686 1558 1014 1634 membra,
1076 1557 1186 1625 die
1239 1558 1562 1649 quadam,
1606 1557 1693 1626 ad
1731 1558 2065 1626 tumulum
2106 1558 2326 1626 sancti
2367 1558 2587 1648 patris

445 1665 728 1733 Antonii
750 1668 774 1709 Ι
810 1689 1016 1756 super
1044 1689 1318 1732 currum
1341 1664 1633 1734 deducta
1663 1676 1794 1733 est.
1819 1669 1929 1734 51.
1953 1667 2123 1751 Quae
2147 1689 2352 1757 quum
2380 1689 2587 1756 super

445 1796 702 1851 arcam,
765 1797 805 1840 a
862 1783 1167 1863 tempore
1234 1795 1368 1862 quo
1424 1772 1808 1840 intraverat
1833 1786 1880 1815 '²⁸
1918 1795 2136 1863 usque
2196 1771 2283 1839 ad
2351 1772 2587 1839 horam

448 1879 709 1946 l'errne'⁸
733 1889 1024 1960 sextam,
1082 1879 1377 1948 orationi
1416 1879 1799 1958 insisteret,
1841 1879 2046 1948 taedio
2085 1878 2310 1947 affecti
2356 1889 2586 1947 custo-

447 1986 570 2053 des
601 1996 679 2053 ut
709 1996 1031 2076 surgeret
1067 1986 1615 2056 acclamabant⁰t
1650 1986 1738 2054 ad
1769 2010 2054 2078 quorum
2086 2009 2322 2053 vocem
2343 2000 2405 2067 Ρ,
2437 1986 2585 2053 sine

446 2093 631 2160 omni
674 2091 1111 2172 adminiculo,
1142 2092 1430 2161 mulier?
1453 2093 1755 2162 surrexit
1788 2106 1816 2135 f
1845 2103 1936 2172 et,
1966 2092 2275 2160 dimissis
2316 2093 2583 2160 scanel·

446 2199 532 2267 lis
552 2214 600 2276 ⁸,
644 2201 1021 2291 peroptime
1054 2199 1344 2268 liberata
1373 2200 1650 2269 domum
1690 2199 1957 2268 rediit‘.

535 2311 642 2376 52.
692 2307 819 2375 Vir
866 2306 1141 2397 quidam
1185 2306 1269 2375 de
1312 2307 1560 2375 Porcili
1591 2322 1647 2383 ¹¹.
1692 2308 1961 2375 nomine
2001 2309 2249 2377 Scotus
2278 2321 2329 2388 ν,
2373 2307 2583 2399 pedes

446 2412 709 2483 habens
740 2413 1053 2505 putridos
1093 2424 1160 2484 et
1200 2414 1515 2483 nodosas
1554 2419 1883 2506 podagrae
1922 2414 2272 2483 inflatione
2315 2425 2585 2484 tumen-

444 2532 577 2601 teS‚
644 2521 852 2589 dorso
910 2522 1043 2589 viri
1105 2532 1349 2591 vectus
1416 2522 1503 2590 ad
1567 2523 1790 2590 locum
1857 2523 2202 2591 fratrum?
2241 2524 2578 2614 pervenit.

446 2631 557 2697 53.
606 2629 770 2717 Qui,
801 2653 1031 2721 quum,
1059 2629 1238 2698 sacta
1270 2629 1725 2711 consessione,
1763 2653 1802 2697 a
1832 2630 2041 2699 fratre
2073 2629 2366 2722 quodam
2391 2643 2418 2673 Ζ
2439 2653 2585 2720 poe-

443 2734 804 2803 nitentiam
843 2737 1291 2827 suscepisset,
1327 2736 1412 2805 ad
1455 2760 1684 2805 arcam
1716 2737 1937 2806 sancti
1969 2737 2249 2804 Antonii
2290 2736 2584 2804 festinus

445 2856 605 2910 acm
645 2843 933 2933 supplex
974 2867 1047 2911 se
1066 2842 1124 2886 Μ’
1154 2842 1335 2911 trahi
1375 2844 1570 2925 secit3
1600 2867 1939 2936 quumque
1971 2843 2058 2912 ad
2086 2844 2419 2911 modicum
2452 2843 2584 2911 ibi-

443 2948 596 3016 dem
633 2950 1042 3041 quievisset,
1089 2973 1243 3017 mox
1268 2960 1459 3018 tanta
1483 2950 1849 3018 velocitate
1876 2950 1962 3019 ad
1990 2950 2269 3019 fratrem
2299 2973 2576 3041 regres-

445 3079 564 3123 sus
605 3066 715 3124 est
754 3080 967 3124 sanus
996 3065 1096 3135 ut,
1129 3080 1271 3147 prae
1302 3056 1630 3148 temporis
1652 3057 1989 3125 brevitate
2011 3070 2094 3139 ⁰⁶,
2130 3057 2580 3125 admiratione

498 3318 543 3351 a.
567 3306 705 3351 Paris
737 3306 840 3351 add.
868 3306 957 3361 qui
976 3307 1202 3351 aderant.
1228 3330 1280 3340 —
1315 3306 1357 3352 b.
1382 3307 1516 3351 Puris
1545 3308 1751 3363 pedum.
1774 3331 1825 3340 —
1862 3318 1905 3353 c.
1928 3306 2046 3352 Luc.
2076 3308 2272 3352 extenti.
2300 3331 2354 3341 —
2378 3310 2426 3352 d.
2451 3308 2584 3352 Paris

448 3378 561 3433 ipsi.
580 3401 634 3410 —
665 3389 708 3421 e.
734 3377 850 3423 Luc.
875 3377 1059 3422 vicina.
1081 3401 1134 3410 —
1159 3377 1195 3433 Γ.
1222 3377 1338 3421 Luc.
1362 3379 1596 3434 Signum.
1619 3379 1819 3423 Mulier.
1838 3402 1892 3411 -
1911 3391 1957 3433 9.
1978 3379 2083 3423 Alc.
2109 3380 2189 3424 286
2212 3379 2509 3424 Sanonaria.
2529 3402 2584 3412 -—

445 3449 493 3493 h.
521 3450 637 3493 Luc.
660 3449 867 3492 nornine
892 3449 1071 3493 Maria.
1096 3472 1149 3483 —
1166 3451 1199 3493 ι’.
1224 3449 1356 3493 Paris
1375 3450 1550 3494 dextro
1586 3450 1753 3493 latere.
1774 3450 1877 3504 -j.
1900 3450 2015 3495 Luc.
2036 3450 2285 3496 omnium.
2304 3473 2358 3482 —
2380 3450 2426 3494 k.
2450 3451 2585 3495 Paris

443 3520 693 3565 scabellis.
713 3543 767 3553 —
792 3520 826 3563 l.
855 3519 988 3563 Paris
1008 3520 1137 3564 beati
1165 3520 1393 3565 Antonii.
1415 3543 1467 3553 -
1492 3533 1561 3564 m.
1595 3520 1729 3564 Paris
1754 3521 1975 3566 Intravit.
2005 3544 2058 3554 —
2082 3533 2132 3565 n.
2161 3521 2293 3565 Puris
2318 3523 2437 3577 l'erc.
2463 3545 2516 3555 —
2536 3534 2582 3566 o.

445 3591 559 3636 Luc.
582 3592 887 3636 acclamant.
914 3592 1049 3636 Paris
1068 3592 1355 3636 acclamant
1382 3596 1437 3638 ul
1464 3596 1712 3648 suqyeret.
1742 3615 1796 3624 —
1823 3605 1874 3649 p.
1905 3592 2039 3636 Paris
2068 3592 2193 3648 place
2219 3593 2277 3636 ici
2303 3593 2504 3637 muller.
2528 3616 2583 3626 -—

445 3674 491 3718 q.
514 3663 653 3707 Paris
677 3674 770 3706 om.
798 3663 859 3706 ici
879 3674 932 3706 ce
957 3673 1048 3707 mot
1071 3663 1182 3719 qu'il
1216 3676 1241 3706 a
1278 3662 1404 3717 place
1437 3662 1819 3718 precedemment.
1841 3686 1895 3695 —
1919 3674 1960 3708 r.
1987 3663 2103 3708 Luc.
2127 3664 2347 3708 surrexit
2381 3665 2581 3709 mulier.

443 3756 495 3767 —
520 3746 561 3778 ε.
584 3734 724 3778 Paris
755 3733 1006 3779 scabellis.
1026 3757 1079 3766 —
1108 3735 1142 3779 l.
1171 3733 1302 3780 Cette
1333 3734 1549 3790 guerisou
1583 3735 1639 3778 de
1674 3734 1822 3778 Maria
1844 3735 1900 3778 de
1930 3735 2178 3779 Snvonnria
2211 3735 2326 3779 n‘est
2360 3747 2440 3789 pus
2470 3736 2585 3779 dans

444 3806 486 3849 le
508 3815 628 3849 texte
653 3805 903 3848 d'Ancone.
930 3827 984 3838 —
1006 3818 1067 3850 u.
1086 3806 1191 3850 Alc.
1211 3805 1292 3852 286
1310 3816 1355 3850 et
1382 3806 1515 3850 Puris
1535 3805 1731 3850 Por-lili.
1767 3807 1884 3850 Ano.
1913 3805 2118 3850 Poecili.
2143 3829 2196 3839 —
2223 3818 2269 3850 υ.
2294 3806 2428 3859 Luc..
2450 3807 2583 3861 Pad„

448 3874 579 3919 Paris
603 3877 789 3921 Scotus
812 3875 1031 3920 nomine.
1054 3878 1172 3921 Ano.
1190 3887 1235 3921 et
1251 3875 1477 3931 Dialogus
1494 3866 1734 3922 Sconirus
1755 3877 1975 3921 nomine.
1995 3899 2047 3909 —
2068 3889 2119 3921 x.
2142 3877 2252 3921 Pad.
2269 3890 2358 3922 om.
2375 3879 2581 3922 nodosa.

446 3970 497 3979 —
524 3962 574 4003 y.
596 3947 704 3991 Alc.
740 3948 822 3993 286
855 3959 945 3991 om.
967 3948 1204 4003 fratrum.
1231 3972 1283 3981 —
1308 3961 1348 3992 z.
1379 3948 1511 3992 Paris
1534 3950 1756 4005 quodam
1778 3947 1951 4003 fratre.
1982 3970 2034 3982 -
2059 3959 2136 3993 aa.
2159 3948 2293 3992 Paris
2314 3961 2404 3994 om.
2430 3960 2506 3993 ac.
2531 3971 2583 3982 —

449 4018 520 4063 bb.
544 4019 679 4063 Paris
701 4030 757 4064 se
779 4018 1011 4075 supplex.
1035 4042 1090 4052 -—
1113 4031 1186 4064 cc.
1210 4019 1326 4063 Luc.
1350 4020 1555 4065 brevite.
1582 4021 1699 4064 Ano.
1731 4033 1802 4076 ap.
1833 4021 1940 4064 Act.
1967 4020 2054 4065 SS.
2076 4020 2378 4065 subitatione
2403 4019 2580 4065 nimia.

511 4229 554 4275 1.
579 4225 917 4289 δαυοηανία,
935 4225 1136 4291 village
1158 4225 1257 4279 des
1283 4228 1543 4278 environs
1571 4225 1639 4279 de
1659 4228 1901 4279 Padoue.
1919 4228 1967 4293 (J
1974 4239 2096 4289 osA,
2113 4226 2261 4294 Leg.,
2279 4230 2404 4290 etc„
2424 4242 2475 4293 p.
2499 4232 2579 4291 48,

455 4309 574 4356 nole
610 4307 678 4372 3).
