3109 4950
547 371 636 438 40
1042 393 1101 440 S.
1156 394 1444 441 Ana-omi
1491 395 1815 443 Luc-snm
1864 397 2106 459 rann,
2158 380 2202 447 9

548 529 876 601 fratribus
916 534 1376 602 annuntiaret.
1422 538 1486 604 5.
1533 538 1685 604 Non
1716 535 1893 603 enim
1927 537 2252 606 credebat
2291 564 2442 607 eum
2483 540 2682 632 quid-

549 662 751 729 quam
816 639 899 707 de
969 640 1344 732 Scripturis
1415 666 1647 723 nosse,
1714 643 1835 711 sed
1911 668 2033 712 nec
2096 645 2491 737 quidquam,
2546 647 2680 715 nisi

547 747 723 815 forte
771 770 921 837 quae
968 746 1054 815 ad
1095 748 1384 817 officium
1416 750 1955 819 ecclesiasticum
2013 763 2350 844 spectant,
2393 755 2682 844 putabat

549 854 833 945 legisse,
874 855 1315 945 unosstantum
1357 859 1915 950 praesumptionis
1968 860 2269 928 confisus
2319 862 2676 953 suffragi0‚

549 960 731 1052 quod
772 961 1091 1030 videlicet
1128 986 1281 1030 eum
1319 963 1707 1033 litteraliter
1734 965 1994 1057 loquia,
2036 966 2153 1033 vix
2192 990 2399 1058 quum
2444 992 2681 1036 neces-

552 1068 726 1136 sitas
778 1069 1151 1160 exegisset,
1199 1070 1534 1140 audierat.
1578 1074 1644 1141 6.
1692 1075 1981 1156 Revera,
2027 1097 2233 1165 quum
2282 1074 2443 1143 talis
2494 1086 2682 1143 esset

550 1174 908 1244 industriae
967 1186 1046 1245 ut
1095 1178 1418 1246 memoria
1464 1203 1589 1269 pro
1645 1178 1886 1247 libris⁶
1939 1190 2247 1249 uteretur
2309 1192 2379 1249 et
2431 1183 2681 1274 eloquii

550 1283 825 1375 mystici
877 1283 1105 1376 gratia
1153 1285 1470 1376 copiosus
1533 1286 1840 1355 afflueret
1861 1300 1913 1369 ⁶,
1973 1287 2424 1378 peritiore-md
2482 1303 2680 1356 eume

549 1390 800 1458 fratres
831 1390 902 1457 in
932 1389 1273 1459 abluenda
1312 1392 1715 1482 supellectili
1754 1393 2061 1485 coquinae
2104 1405 2439 1463 noverant
2476 1419 2679 1487 quam

549 1496 620 1564 in
659 1497 1080 1588 exponendis
1117 1500 1472 1591 mysteriis
1504 1500 1899 1590 Scripturae.

639 1606 703 1673 7.
757 1604 940 1693 Quid
996 1606 1266 1674 multa?
1307 1606 1586 1677 Viribus
1649 1608 1841 1687 totis,
1901 1608 2172 1700 quoad!
2197 1609 2443 1700 potuit,
2500 1610 2681 1677 reni-

550 1721 728 1794 tenS,
771 1711 1094 1779 tandem9
1120 1712 1207 1781 ad
1257 1713 1620 1781 clamorem
1668 1715 2019 1783 omniumh
2048 1715 2447 1806 simpliciter
2496 1716 2683 1807 loqui

548 1842 836 1886 exorsus
875 1829 1022 1903 est3
1066 1843 1407 1912 quumque
1448 1822 1752 1889 calamus
1783 1821 1894 1890 ille
1928 1823 2147 1890 sancti
2194 1823 2518 1914 Spiritus,
2553 1823 2684 1890 lin-

548 1949 687 2017 gua
725 1925 945 2018 ipsius
987 1926 1028 2007 ἱ,
1092 1927 1434 1995 luculenta
1486 1928 1664 1997 satis
1708 1929 2133 2020 expositione
2181 1954 2260 1998 ac
2299 1929 2493 1998 brevi
2535 1954 2682 1997 ser-

550 2032 771 2101 monis
790 2034 1187 2125 compendio
1210 2035 1420 2103 multa
1440 2037 1812 2128 prudenter
1836 2036 2307 2119 disseruisset,
2339 2036 2681 2129 stupenda

548 2143 798 2209 fratres
858 2139 1306 2210 admiratione
1350 2143 1719 2233 percussiJ‘
1759 2142 2042 2212 intentis
2101 2143 2383 2212 auribus
2412 2145 2442 2188 ’ί
2479 2169 2680 2235 pero·

550 2259 815 2317 rantem
852 2248 1075 2316 virum
1102 2249 1517 2318 unanimiter
1553 2250 2025 2319 intendebant.
2060 2254 2126 2320 8.
2166 2251 2392 2319 Dabat
2431 2251 2680 2343 quippe

552 2356 856 2447 stuporis
914 2366 1355 2448 augmentum
1412 2357 1764 2449 insperata
1812 2357 2146 2426 dictorum
2194 2357 2676 2447 profunditas;

552 2462 674 2532 sed
730 2488 855 2532 nec
902 2463 1126 2532 minus
1182 2462 1568 2534 aedificabat
1626 2465 1911 2557 spiritus
1972 2489 2105 2556 quo
2167 2464 2574 2557 loquebatur
2613 2478 2682 2533 et

547 2571 1055 2640 ferventissima
1086 2571 1366 2641 caritas,
1411 2576 1476 2641 9.
1523 2573 1783 2641 Omnes
1822 2572 2137 2664 denique,
2183 2573 2462 2641 sanctal
2519 2596 2680 2641 con-

550 2678 883 2747 solatione
948 2679 1232 2770 perfusi,
1295 2680 1702 2748 humilitatis
1763 2679 2079 2748 meritum
2144 2679 2216 2747 in
2283 2703 2485 2748 servo
2555 2679 2679 2747 Dei

548 2786 851 2854 Antonio
891 2810 1043 2856 cum
1083 2787 1260 2856 dono
1293 2786 1598 2857 scientiae
1636 2788 1948 2856 venerati
1981 2797 2166 2856 sunt.

549 3148 618 3207 9.
653 3151 759 3208 De
791 3148 1333 3220 praedicatione
1379 3148 1546 3220 ejus
1592 3161 1727 3219 per
1772 3147 2362 3207 Romaniolamm
2390 3149 2465 3206 et
2507 3160 2680 3207 con-

667 3247 1064 3306 versioness
1092 3247 1618 3307 haereticorum
1664 3253 1716 3305 0.

642 3479 702 3543 1.
761 3474 1105 3563 Quoniam·
1150 3484 1401 3555 autem,
1466 3483 1822 3542 testantcp
1872 3472 2187 3556 Domino,
2255 3497 2396 3541 non
2443 3488 2682 3564 potest

601 3703 645 3735 a.
679 3690 810 3741 Luc..
843 3689 978 3735 Paris
1013 3689 1301 3735 litteraliter
1318 3701 1435 3735 cum
1462 3690 1619 3746 loqui.
1644 3713 1697 3723 —
1727 3690 1770 3734 b.
1813 3689 1927 3734 Luc.
1969 3689 2110 3734 libro.
2148 3689 2281 3733 Paris
2309 3688 2584 3734 codicibus.
2629 3712 2685 3724 -

545 3775 589 3807 c.
616 3763 721 3806 Alc.
757 3764 839 3808 286
876 3761 1088 3817 amaret.
1125 3762 1257 3806 Paris
1285 3762 1528 3816 efflueret.
1569 3784 1622 3795 -
1657 3762 1705 3806 d.
1736 3761 1842 3806 Alc.
1873 3763 1953 3806 ‘286
1974 3761 2271 3817 paritor-em.
2295 3761 2399 3805 Alc.
2428 3763 2509 3806 293
2540 3762 2683 3817 peri-

547 3832 794 3878 ticiorem.
823 3855 876 3866 -
904 3845 945 3878 e.
980 3833 1113 3877 Paris
1134 3835 1259 3888 place
1282 3833 1342 3876 ici
1365 3836 1629 3878 noverant.
1664 3856 1717 3865 —
1741 3833 1778 3888 f.
1809 3832 1926 3876 Luc.
1952 3832 2150 3888 quibus.
2178 3854 2231 3865 —
2257 3845 2305 3888 9.
2339 3832 2473 3876 Paris
2494 3835 2681 3876 tamen.

542 3928 596 3938 —
623 3906 673 3950 h.
694 3906 799 3949 Alc.
830 3907 909 3950 ‘286
937 3918 1026 3950 om.
1048 3905 1416 3949 omnium—i.
1447 3905 1550 3949 Alc.
1581 3906 1660 3950 ⁶286
1685 3904 1912 3948 calamus
1933 3904 2018 3948 illc
2040 3904 2204 3948 sancti
2219 3904 2434 3959 spiritus
2453 3903 2685 3959 linquam

548 3976 725 4032 ipsius.
761 3975 876 4020 Luc.
916 3975 1016 4026 ille.
1051 3975 1239 4032 spiritu
1270 3979 1446 4020 sancto
1482 3976 1710 4031 linquam
1749 3976 2012 4030 diriyentc.
2061 3975 2197 4019 Paris
2238 3974 2320 4018 ille
2361 3974 2460 4018 sibi
2492 3975 2683 4030 spiritu

546 4048 792 4102 linquam.
819 4048 927 4092 Nat.
956 4047 1085 4092 14363
1109 4058 1154 4090 et
1181 4047 1290 4091 Pad.
1331 4047 1562 4091 calamus
1584 4047 1666 4090 ille
1689 4047 1855 4092 sancti
1882 4047 2096 4102 spiritus
2117 4046 2388 4090 luculenta.
2410 4069 2461 4077 —
2489 4045 2530 4099 j.
2562 4044 2680 4089 Luc.

542 4118 783 4176 perculsi.
804 4119 941 4163 Paris
964 4117 1214 4163 concussi.
1231 4141 1284 4151 —
1310 4119 1356 4162 k.
1380 4118 1488 4163 Nat.
1510 4117 1641 4163 14363
1669 4118 1954 4163 animabus.
1970 4140 2023 4151 —
2038 4118 2069 4162 1.
2092 4116 2206 4161 Luc.
2223 4116 2385 4161 suavi.
2403 4127 2538 4160 -τη,
2568 4116 2680 4162 Pnd.

543 4190 948 4235 Romandiotam.
965 4213 1018 4222 —
1034 4203 1083 4234 n.
1109 4191 1213 4236 Alc.
1229 4191 1324 4242 293,
1343 4189 1474 4243 Luc„
1511 4189 1622 4233 Pad.
1649 4190 1711 4235 de
1733 4189 2071 4236 conversione.
2092 4211 2146 4221 —
2164 4200 2209 4233 0.
2239 4187 2372 4233 Paris
2409 4187 2481 4232 De
2499 4187 2683 4244 effectu

541 4261 918 4320 praedicationis
948 4262 1126 4319 ipsius.
1149 4285 1203 4295 —
1227 4275 1280 4319 p.
1313 4261 1445 4305 Paris
1474 4263 1614 4307 teste.
