3109 4950
509 393 597 458 24
991 412 1052 458 S.
1105 411 1395 458 ANToNn
1446 412 1772 459 Leonum
1823 413 2064 474 mum,
2124 394 2155 459 1

511 550 669 642 quia
694 564 727 595 α
765 550 1193 641 propositum
1239 574 1462 618 meum
1508 550 1816 641 perficiet
1843 552 1959 642 qui
2010 552 2455 621 intentionem
2495 577 2644 622 cor-

510 657 618 725 dis
641 656 667 700 ⁶
704 657 916 725 videt.
963 660 1030 725 4.
1077 657 1430 726 Succincte
1469 658 1674 739 enim,
1717 658 1976 749 praevia
2005 668 2233 727 tamen
2270 661 2560 729 veritate
2586 675 2639 742 ⁶,

508 765 742 833 verbis
790 765 949 833 licet
1002 765 1364 855 imperitis,
1411 765 1655 856 loquar
1697 766 1961 835 Christi
2012 767 2434 857 supplicibus
2456 768 2516 848 d,
2560 793 2643 835 ne

510 871 845 941 facundae
873 872 1241 940 verborum
1279 872 1660 963 loquacitas
1701 873 1968 941 aurium
2000 874 2259 942 serviat
2298 875 2646 964 prurituis

512 991 580 1047 et
609 979 790 1049 soliis
830 988 1111 1048 utantur
1149 979 1459 1047 homines
1499 1004 1623 1070 pro
1663 980 1908 1048 fructu.

601 1092 664 1156 5.
713 1087 1020 1177 Denique
1059 1086 1383 1155 nonnulla
1423 1086 1650 1155 scribo
1680 1111 1831 1178 quae
1862 1088 2078 1156 oculis
2116 1087 2264 1179 ipse
2295 1113 2428 1157 non
2459 1090 2639 1172 vidi;

512 1194 785 1263 domino
843 1203 1074 1261 tamen
1123 1194 1476 1286 Sugeri08
1524 1194 1872 1262 secundoll
1933 1195 2423 1264 Ulixbonensii
2461 1197 2644 1288 epis-

513 1302 730 1392 copo¹
801 1310 868 1368 et
940 1300 1094 1368 aliis
1120 1300 1147 1356 J'
1212 1300 1383 1368 viris
1458 1301 1814 1369 catholicis
1901 1302 2353 1371 referentibus
2387 1303 2416 1347 ἢ
2491 1303 2642 1395 ipsa

512 1407 830 1500 cognovi.
873 1411 939 1478 6.
986 1407 1098 1476 Sic
1138 1408 1414 1498 nempe²
1454 1411 1734 1477 Marcus
1783 1419 1851 1477 et
1904 1412 2126 1477 Lucas
2179 1410 2637 1502 evangelium,

513 1516 613 1584 sic
648 1515 895 1583 beatus
935 1515 1321 1606 Gregorius
1374 1514 1722 1606 dialogum
1748 1527 1824 1602 ²²²,
1881 1518 2084 1583 Petro
2145 1517 2640 1609 interrogante,

510 1621 908 1704 conscribit,
952 1645 1160 1713 quum
1197 1632 1425 1689 tamen
1464 1621 1766 1690 virorum
1808 1622 1938 1690 fide
1991 1624 2357 1713 dignorum
2405 1648 2645 1692 narra-

508 1729 693 1798 tione
731 1737 999 1797 tantum
1032 1740 1093 1810 n,
1126 1729 1278 1819 ipso
1307 1738 1510 1807 teste,
1554 1752 1707 1819 quae
1746 1730 1952 1796 refert
1981 1728 2294 1797 didicerit
2318 1743 2370 1799 ⁰.

598 1839 661 1905 7.
720 1839 813 1904 Ut
851 1845 1078 1903 autem
1107 1835 1422 1903 fidelibus
1453 1835 1699 1903 devote
1728 1835 1940 1903 vitam
1971 1836 2177 1904 istam
2197 1850 2231 1893 Ρ
2257 1837 2647 1927 legentibus

509 1942 709 2011 detur
747 1942 1017 2011 occasio
1057 1941 1258 2010 citius
1291 1942 1681 2009 inveniendi
1711 1942 1778 2009 id
1820 1942 2000 2034 quod
2039 1956 2354 2035 quaerunt
2374 1957 2431 2026 q,
2473 1969 2645 2035 opus

508 2049 696 2119 istud
734 2050 806 2124 in
845 2049 1019 2117 duas
1071 2059 1304 2140 partes
1345 2049 1627 2117 distinxi
1676 2061 1742 2117 et
1783 2050 2091 2118 rubricas
2142 2051 2456 2142 singulas
2501 2053 2645 2119 sin-

511 2157 695 2250 gulis
748 2156 1065 2247 capitulis
1121 2156 1404 2223 inserui.
1465 2160 1532 2225 8.
1595 2159 1671 2223 ln
1728 2156 1935 2247 priori
1991 2157 2262 2248 quidem
2310 2158 2642 2249 particula

511 2261 1059 2331 conversationis
1081 2263 1227 2352 ejus
1257 2262 1561 2353 insignia
1583 2286 1621 2329 a
1649 2262 1862 2352 prima
1874 2263 1973 2329 ria
1995 2262 2335 2352 regularis
2369 2263 2643 2331 habitus

511 2369 969 2459 susceptione,
1054 2367 1137 2436 de
1202 2367 1433 2436 multis
1499 2368 1836 2459 quendam,
1906 2369 2270 2437 brevitatis
2351 2394 2561 2438 causa
2590 2383 2640 2449 ¹⁹,

510 2476 931 2568 excipiendo,
1004 2476 1294 2569 digessi.
1372 2480 1437 2545 9.
1518 2480 1594 2544 1n
1653 2477 1965 2567 sequenti
2024 2501 2188 2544 vero
2259 2477 2430 2545 mira
2492 2502 2644 2570 quae

510 2609 635 2676 per
680 2608 833 2652 eum
877 2584 1208 2652 Dominus
1239 2595 1264 2628 ⁸
1321 2593 1646 2675 operatus
1698 2595 1830 2661 est,
1897 2583 2224 2652 fratribus
2267 2585 2524 2653 nostris
2578 2596 2645 2652 et

507 2691 825 2760 fidelibus
893 2690 1047 2758 aliis
1108 2690 1275 2758 mihi
1349 2690 1893 2772 adstruentibuS,
1967 2691 2391 2782 subjiciendo
2462 2715 2646 2760 com-

511 2799 698 2891 pegi.

604 2909 710 2975 10.
769 2909 1021 2974 Hortor
1081 2915 1307 2972 autem
1374 2904 1719 2978 lectorem,
1791 2928 1922 2996 ego
1989 2904 2140 2996 quit
2225 2904 2500 2996 scripsi,
2569 2913 2646 2972 ut

511 3035 717 3105 quum
756 3012 955 3080 1]ωο’*
984 3012 1232 3104 legerit
1271 3021 1338 3079 et
1379 3035 1482 3079 me
1527 3012 1599 3079 in
1642 3012 1866 3103 aliquo
1893 3024 1922 3055 υ
1960 3012 2187 3080 minus
2227 3011 2487 3080 dixisse
2532 3012 2643 3079 vel

561 3303 610 3336 a.
632 3289 747 3335 Luc.
773 3301 818 3335 et
844 3289 976 3333 Paris
998 3291 1148 3345 quod.
1169 3313 1221 3322 —
1243 3290 1285 3335 b.
1310 3279 1444 3333 Paris
1461 3301 1551 3333 om.
1575 3290 1756 3334 cordis.
1779 3313 1831 3322 —
1853 3303 1894 3334 c.
1923 3289 2056 3334 Paris
2074 3302 2193 3335 cum
2209 3289 2400 3347 praevia
2418 3289 2643 3335 veritate.

508 3387 560 3396 —
585 3363 633 3408 d.
661 3363 793 3407 Paris
818 3360 1064 3416 fidelibus.
1082 3385 1137 3394 —
1165 3374 1205 3406 e.
1231 3360 1344 3405 Luc.
1366 3361 1602 3416 secunda.
1626 3384 1683 3393 —
1709 3361 1745 3415 Ῑ.
1779 3360 1931 3417 [Λᾶς-οη
1957 3361 2012 3405 de
2038 3361 2152 3406 Luc.
2180 3372 2224 3405 et
2251 3361 2399 3405 Paris.
2430 3362 2535 3405 Alc.
2565 3363 2645 3406 286

506 3434 758 3492 pruritu-3.
782 3433 894 3477 Pad.
916 3433 1152 3489 pror-itui.
1166 3456 1217 3466 —
1235 3446 1284 3488 9.
1313 3432 1431 3476 Luc.
1460 3432 1722 3487 Fruqerio.
1743 3455 1795 3464 —
1811 3433 1859 3476 h.
1882 3432 1994 3476 Pad.
2012 3443 2055 3476 et
2073 3432 2206 3476 Paris
2224 3445 2314 3477 om.
2334 3433 2574 3478 secundo.
2593 3455 2645 3464 —

508 3507 541 3550 i.
566 3506 677 3550 Pad.
713 3505 1073 3559 Ulisiponenei.
1103 3527 1155 3536 —
1190 3504 1230 3559 J'.
1260 3504 1394 3548 Paris
1431 3503 1661 3558 aliisque.
1683 3526 1736 3535 —
1760 3503 1806 3546 k.
1834 3502 1950 3548 Luc.
1987 3504 2097 3547 Pad.
2135 3504 2269 3548 Paris
2301 3505 2403 3547 add.
2445 3505 2554 3548 hoc.
2592 3526 2644 3535 —

510 3578 542 3622 1.
566 3578 700 3622 Paris
725 3589 860 3632 erqo.
884 3599 936 3609 -
958 3588 1025 3620 m.
1049 3575 1181 3619 Paris
1202 3576 1252 3618 in
1277 3574 1491 3630 dialoqo.
1523 3598 1576 3607 —
1603 3587 1650 3618 n.
1677 3574 1782 3619 Alc.
1809 3576 1889 3620 286
1914 3578 2096 3619 tamen.
2132 3598 2184 3607 —
2226 3587 2268 3620 o.
2301 3575 2435 3619 Paris
2458 3574 2645 3619 didice-

510 3652 605 3694 rat.
625 3672 677 3681 —
700 3661 751 3705 p.
776 3647 910 3692 Paris
931 3646 1079 3691 istam
1104 3646 1276 3691 vitam.
1298 3668 1350 3677 —
1370 3659 1418 3700 q.
1438 3646 1542 3690 Alc.
1570 3647 1650 3691 286
1673 3645 1907 3690 veniendi
1930 3646 1997 3690 ad
2029 3646 2080 3689 id
2109 3648 2243 3701 quod
2264 3649 2508 3700 quan-une.
2531 3646 2642 3690 Pan.

507 3731 551 3765 et
573 3720 708 3765 Paris
730 3718 1021 3764 inveniendi
1042 3719 1175 3773 quod
1192 3719 1441 3773 quaerunt.
1467 3740 1520 3749 —
1548 3730 1590 3761 r.
1625 3717 1757 3760 Paris
1780 3717 1959 3772 qratia.
1985 3740 2038 3749 —
2060 3731 2102 3762 s.
2133 3716 2246 3762 Luc.
2267 3729 2356 3761 om.
2378 3717 2644 3761 Dominus.

506 3814 560 3825 —
595 3794 628 3837 t.
675 3790 789 3836 Luc.
825 3802 915 3846 eqo
955 3789 1089 3845 quod
1118 3788 1323 3844 scripsi,
1357 3791 1421 3833 et.
1447 3809 1499 3822 -
1536 3799 1590 3832 u.
1617 3786 1724 3832 Nat.
1753 3787 1883 3834 14363
1912 3789 2022 3833 hoc.
2043 3810 2095 3822 —-
2115 3801 2160 3833 υ.
2191 3788 2306 3833 Luc.
2341 3789 2443 3833 add.
2469 3787 2562 3832 vel.

571 4030 617 4076 1.
654 4025 847 4077 Soeiro
870 4024 1073 4086 Viegas
1094 4023 1166 4082 11,
1187 4023 1396 4086 (aveque
1420 4020 1487 4071 de
1512 4021 1808 4082 Lisbonne,
1833 4023 2051 4072 mourut
2081 4022 2130 4071 le
2170 4026 2230 4071 29
2256 4023 2471 4083 janvier
2501 4024 2642 4072 1232.

508 4132 570 4143 -
600 4105 684 4156 Cr.
715 4106 776 4154 P.
812 4105 878 4153 11.
916 4104 1193 4162 Demi-nn,
1223 4100 1325 4152 Die
1360 4101 1715 4166 Encslelmng
1741 4101 1841 4150 der
1878 4100 2293 4153 Universilcrlen
2336 4101 2431 4151 des
2458 4100 2644 4152 Mitte-

511 4186 719 4242 lalters,
757 4188 793 4235 t.
825 4185 869 4244 1,
902 4197 954 4247 p.
979 4187 1088 4244 283,
1123 4191 1178 4232 η’
1210 4185 1336 4231 1.-
1358 4182 1557 4231 Bosa-⁸.
1584 4182 1763 4242 GAMS,
1795 4179 1976 4232 Series
2007 4182 2172 4247 episc.
2201 4183 2389 4232 eccles.
2414 4181 2639 4244 cathol„

511 4280 566 4333 p.
598 4269 709 4332 104,
739 4275 795 4315 n·
824 4268 880 4315 11
908 4278 919 4314 :
955 4263 1176 4315 Lisboa.
1210 4260 1569 4324 Ratlsbonne,
1605 4264 1745 4312 1873.
