3109 4950
499 406 586 482 28
980 434 1040 479 s.
1094 435 1383 481 ΑΝτοΝιι
1431 435 1754 481 LEGENDA
1803 435 2046 495 rami,
2099 417 2139 482 4

500 573 990 643 monasterium
1030 575 1299 642 Sancta?
1342 575 1587 643 Crucis
1635 573 1718 643 de
1772 575 2202 644 Colimbria⁰
2242 576 2312 644 in
2345 577 2630 668 spiritus

500 680 764 749 fervore
797 704 872 749 se
910 681 1288 751 transtulit.
1322 682 1339 727 ¹

499 1097 571 1155 4.
606 1097 950 1168 Qualiter
977 1098 1251 1157 ibidem
1271 1091 1299 1134 ⁶
1326 1099 1649 1170 profecit
1665 1100 1743 1158 in
1762 1100 2097 1160 moribus
2118 1103 2194 1161 et
2232 1101 2558 1162 scientia
2580 1110 2630 1158 ⁶.

598 1392 657 1455 1.
716 1387 1096 1456 Severioris
1134 1386 1403 1479 igiturd
1442 1386 1822 1478 disciplina}
1875 1388 2017 1455 zelo
2056 1398 2124 1455 et
2179 1388 2429 1479 quietis
2469 1389 2636 1457 ube·
2675 1413 2681 1417 ·

504 1494 706 1562 rioris
737 1517 967 1561 amore
999 1516 1200 1561 servo
1236 1493 1359 1560 Dei
1390 1495 1689 1561 Antonio
1712 1494 1797 1561 ad
1831 1495 2316 1562 monasterium
2344 1495 2634 1563 vivificae

507 1601 751 1671 Crucis
791 1601 1154 1679 translato,
1192 1624 1325 1668 non
1355 1610 1495 1668 tam
1526 1600 1653 1669 loci
1696 1624 1898 1692 quani
1938 1625 2198 1668 morum
2237 1601 2637 1669 translatio-

503 1731 657 1776 nem
719 1707 966 1775 secisse
1022 1708 1165 1776 vita
1218 1708 1367 1797 ejus
1391 1720 1442 1785 θ,
1488 1708 1691 1775 solito
1755 1709 2148 1785 ferventior,
2193 1709 2628 1776 ostendebat.

503 1819 567 1883 2.
602 1817 721 1899 Et,
745 1815 1091 1905 quoniam,
1122 1814 1474 1904 Scriptura
1506 1817 1751 1887 testeff.
1787 1838 1919 1882 non
1944 1816 2392 1906 Jerosolymis
2423 1815 2637 1883 fuisse

507 1923 628 1990 sed
667 1921 917 1991 ibidem
956 1922 1128 1989 bene
1180 1921 1439 1989 vixisse
1479 1921 1819 1988 laudabile
1872 1933 2003 1999 est,
2059 1922 2151 1989 ita
2194 1948 2268 1990 se
2332 1923 2635 1990 moribus

505 2038 738 2119 aptum
766 2030 807 2085 s
859 2028 1164 2095 exhibuit
1209 2039 1286 2095 ut
1334 2028 1599 2095 cunctis
1650 2028 1963 2119 liquido&
2002 2029 2410 2097 claresceret
2456 2030 2635 2121 quod

504 2137 591 2203 ob
629 2136 659 2178 '¹
702 2134 1402 2226 comprehendendam
1434 2135 1868 2225 perfectionis
1912 2147 2249 2203 ‘summam
2283 2136 2414 2204 loci
2459 2160 2633 2204 com·

507 2243 903 2310 moditatem
961 2241 1401 2331 exquisisset.
1449 2246 1511 2311 3.
1569 2245 1718 2309 Non
1768 2242 2088 2310 mediocri
2139 2254 2364 2310 autem
2408 2244 2635 2312 studio

509 2373 777 2440 semper
835 2349 1101 2416 colebat
1164 2348 1515 2438 ingenium
1582 2358 1650 2417 et
1713 2349 2012 2416 animum
2078 2349 2636 2419 meditationibus

508 2456 908 2537 exercebat3
965 2480 1087 2523 nec
1127 2455 1369 2524 diebus
1402 2454 1519 2523 aci
1579 2456 1916 2534 noctibus,
1961 2481 2083 2547 pro
2116 2457 2442 2548 temporis
2484 2482 2636 2526 con·

506 2565 876 2641 venientia,
901 2589 938 2631 a
961 2564 1248 2631 lectione
1287 2563 1521 2630 divina
1547 2564 1891 2632 cessabat.
1924 2568 1987 2631 4.
2019 2568 2211 2633 Nunc
2247 2564 2635 2633 historicae!

507 2671 821 2740 veritatis
865 2681 1123 2738 textum
1163 2670 1429 2763 legens,
1465 2671 1834 2761 allegorica
1879 2673 2388 2762 comparatione
2432 2673 2635 2740 robo-

507 2779 707 2847 rabat
745 2778 983 2856 iidem;
1029 2801 1231 2852 nunc,
1285 2779 1641 2845 conversis
1685 2778 2053 2868 Scripturae
2103 2779 2362 2858 verbiS‚
2424 2779 2640 2846 aedifi-

510 2887 711 2954 cabat
741 2886 1043 2953 moribus
1077 2884 1526 2954 affectionem.
1554 2891 1619 2954 5.
1661 2885 1856 2963 Hinc,
1884 2886 2219 2976 profunda
2250 2910 2638 2954 sermonum

514 2993 686 3061 Deik
723 2992 898 3061 selici
965 2992 1362 3061 curiositate
1424 3003 1895 3082 perscrutanS,
1967 3003 2204 3061 contra
2271 3016 2578 3061 errorum
2624 2994 2640 3036 ¹

563 3202 608 3235 a.
633 3190 747 3235 Luc.
771 3189 1076 3235 Columbria.
1093 3213 1145 3223 —
1164 3190 1206 3234 b.
1234 3188 1350 3233 Luc.
1384 3188 1467 3232 ibi.
1495 3212 1549 3222 —
1575 3201 1617 3234 c.
1647 3189 1782 3234 Paris
1805 3189 2025 3244 qualiter
2045 3189 2336 3247 profecerit.
2361 3213 2413 3222 —
2436 3191 2485 3235 d.
2509 3189 2643 3234 Paris

510 3274 641 3318 erqo.
674 3285 727 3294 —
751 3273 794 3306 e.
834 3262 937 3306 Alc.
962 3263 1041 3307 286
1061 3274 1148 3305 om.
1175 3261 1281 3305 vita
1301 3260 1426 3314 ejus.
1455 3273 1541 3317 que
1566 3261 1764 3305 donnent
1793 3261 1908 3305 Luc.
1940 3272 1984 3305 et
2010 3261 2120 3306 Pad.
2146 3284 2199 3294 —
2236 3260 2272 3316 f.
2302 3261 2414 3305 Paci.
2449 3264 2639 3306 actum.

507 3357 562 3366 —
591 3346 636 3389 q.
670 3332 805 3378 Paris
837 3333 1042 3389 liquide.
1066 3356 1120 3366 —
1153 3334 1201 3377 h.
1231 3332 1363 3376 Puris
1392 3333 1472 3376 acl.
1501 3355 1555 3363 -
1599 3332 1628 3376 i.
1663 3332 1796 3376 Paris
1825 3345 1931 3376 nec.
1956 3332 2065 3386 —j.
2097 3334 2199 3377 Alc.
2226 3335 2305 3379 ‘286
2333 3343 2377 3376 et
2404 3333 2497 3382 293,
2527 3332 2639 3376 Paci.

511 3405 748 3450 histor-im.
773 3428 827 3438 —
852 3405 898 3450 k.
922 3406 1029 3451 Nat.
1060 3406 1190 3451 14363
1208 3418 1298 3449 om.
1330 3406 1434 3450 Dei.
1464 3428 1516 3437 —
1540 3406 1571 3449 l.
1600 3405 1715 3450 Luc.
1741 3405 1944 3448 erroris.

573 3570 618 3617 1.
656 3567 1046 3618 sainte-Croix
1090 3566 1159 3617 de
1191 3566 1468 3617 Coimbre.
1496 3594 1559 3603 —
1590 3566 1667 3616 Ce
1700 3568 2009 3616 monastero
2060 3567 2210 3615 avait
2240 3568 2326 3616 etc
2358 3564 2540 3624 fonde,
2571 3578 2641 3615 cn

512 3650 651 3705 1132,
692 3661 794 3711 par
829 3647 1003 3706 Tello,
1053 3647 1396 3697 archidiacre
1440 3647 1515 3698 du
1565 3647 1803 3708 diocese,
1854 3650 1908 3696 et
1938 3647 2088 3696 avait
2119 3660 2186 3696 eu
2219 3659 2359 3711 pour
2399 3647 2642 3710 premier

509 3728 696 3792 prieur
738 3729 884 3777 saint
928 3728 1251 3778 TheoioniO.
1285 3756 1348 3764 —
1388 3729 1521 3777 Voir
1568 3727 1708 3777 dans
1759 3727 1838 3776 les
1887 3726 2245 3792 Por-engallim
2287 3730 2640 3776 monumenta

509 3807 660 3870 leisc„
693 3809 729 3857 t.
755 3808 800 3866 Ι,
832 3821 886 3871 p.
918 3812 1089 3866 62-78,
1121 3808 1177 3858 la
1217 3806 1337 3858 Vita
1386 3808 1625 3858 Tellenis
1662 3806 2048 3857 archidiaconi
2086 3807 2388 3870 notitiaque
2433 3805 2642 3870 funda-

512 3887 677 3939 tionis
703 3888 932 3939 coenobii
958 3887 1014 3940 S.
1040 3888 1234 3938 Cruci-3
1267 3888 1733 3939 conimbricensis
1763 3890 1836 3947 ei,
1865 3901 1918 3951 p.
1943 3891 2113 3946 79-88,
2146 3887 2199 3936 ta
2236 3886 2360 3937 l'ila
2383 3889 2437 3937 S.
2469 3885 2641 3936 Theo·

513 3969 668 4019 ionii.

574 4052 619 4098 2.
652 4050 729 4100 Le
759 4048 1072 4112 legendaire
1101 4063 1159 4099 se
1193 4052 1405 4113 trompe
1436 4063 1447 4097 :
1481 4048 1537 4099 la
1563 4049 1823 4098 rcsscxlon
1850 4047 1977 4113 qu'il
2009 4048 2114 4097 cito
2154 4048 2290 4097 n'cst
2335 4060 2437 4111 pas
2475 4045 2542 4097 de
2584 4046 2639 4097 la

514 4131 704 4181 Sainte
733 4130 997 4190 Ecriture,
1030 4131 1168 4179 mais
1187 4128 1311 4179 bien
1337 4129 1405 4180 dc
1435 4130 1582 4178 saint
1602 4131 1839 4189 Minime,
1864 4127 2063 4192 lequel,
2086 4127 2332 4177 eci-{vani
2355 4126 2388 4175 a
2418 4125 2637 4187 paulin,

511 4213 799 4276 s'exprime
824 4212 995 4262 ainsi:
1020 4211 1144 4262 Νοη
1157 4211 1519 4276 let-osolymis
1539 4211 1732 4274 sulsse,
1764 4210 1861 4260 secl
1878 4207 2242 4274 lerosolymis
2276 4209 2405 4258 bene
2431 4208 2642 4259 vixisse

511 4291 853 4345 laudandum
880 4296 963 4344 ese
987 4292 1218 4356 (Limus,
1247 4291 1403 4345 Patr.
1427 4293 1546 4355 lac„
1578 4292 1751 4353 xxu,
1775 4304 1828 4356 p.
1858 4291 1989 4353 580).
