3109 4950
929 452 987 497 S.
1045 452 1333 498 Auronu
1384 450 1708 498 mosum
1755 450 1998 513 ramis,
2046 429 2127 497 13
2511 429 2602 497 47

470 846 586 905 13.
634 848 739 905 De
768 845 1160 905 devotione
1188 844 1441 917 populi
1465 844 1806 905 paduani
1836 846 1914 903 et
1942 844 2193 905 fructu
2229 843 2602 915 proedica·

585 944 816 1003 tionis
858 944 1024 1016 ejus
1049 950 1102 1003 ἃ.

563 1255 620 1320 1.
678 1251 923 1343 Igitur,
995 1262 1358 1343 postquam
1435 1275 1680 1319 servus
1758 1250 1882 1319 Dei
1941 1249 2283 1319 Antonius
2348 1249 2600 1319 ostium

471 1359 604 1427 sibi
628 1358 966 1427 sermonis
994 1358 1241 1450 aperiri
1266 1358 1590 1426 cernebat
1614 1369 1681 1426 et
1703 1357 1996 1449 populus
2021 1357 2091 1425 in
2120 1357 2551 1426 multitudine
2573 1357 2600 1401 ⁶

468 1466 698 1558 gravi,
752 1465 952 1557 quasi
1013 1478 1232 1533 areac
1292 1465 1603 1533 imbrem·
1638 1465 1909 1539 sitiens,
1952 1465 2038 1532 ad
2096 1488 2247 1532 eum
2301 1464 2600 1556 undique

467 1572 889 1651 conveniret,
924 1572 1359 1664 quotidianas
1382 1596 1503 1663 per
1524 1572 1826 1640 civitatis
1853 1571 2179 1639 ecclesias
2199 1571 2235 1615 d
2264 1572 2601 1640 stationes

468 1680 826 1748 constituit
849 1691 914 1760 ες
957 1702 1323 1770 quumque,
1365 1702 1507 1770 prae
1546 1678 1980 1747 multitudine
2017 1678 2532 1747 adventantium
2562 1678 2604 1735 s

464 1787 773 1854 virorum
813 1809 891 1853 ac
940 1785 1325 1866 mulierum,
1377 1785 1820 1853 ecclesiarum
1859 1785 2158 1854 ambitus
2205 1810 2330 1877 pro
2384 1796 2601 1854 tanto·

465 1917 619 1961 rum
640 1903 841 1984 captu
867 1891 1267 1984 populorum
1291 1916 1717 1983 nequaquam
1736 1892 2148 1972 sufficerent,
2174 1892 2260 1961 ad
2293 1893 2604 1984 spatiosa

466 2011 821 2091 pratorum
859 1999 1007 2067 loca
1035 2013 1097 2082 8,
1134 2022 1413 2066 numero
1452 2010 1827 2079 crescente,
1872 1999 2185 2067 secessit.

557 2111 625 2174 2.
672 2105 1115 2175 Veniebantk
1155 2106 1335 2173 enim
1372 2105 1456 2173 de
1496 2105 1918 2193 civitatibuS‚
1977 2106 2226 2174 castris
2266 2105 2373 2175 eti
2418 2106 2603 2174 villis

467 2213 775 2280 Paduam
841 2212 1444 2281 circumstantibus
1496 2214 1854 2304 utriusque
1913 2237 2120 2281 sexus
2169 2213 2371 2283 turba
2409 2236 2604 2304 paene

466 2319 1017 2405 innumerabilis,
1074 2343 1311 2386 omnes
1361 2319 1645 2387 verbum
1701 2320 1863 2387 vitae
1922 2343 2186 2388 summa
2243 2320 2604 2388 devotione

470 2426 788 2496 sitientes
828 2436 897 2495 et
930 2426 1221 2495 salutem
1268 2449 1464 2494 suam
1505 2426 1574 2493 in
1622 2426 1930 2495 doctrina
1982 2426 2200 2518 ipsius
2241 2450 2362 2519 spe
2411 2427 2604 2494 firma

468 2534 991 2603 constituentes,
1030 2538 1094 2603 3.
1130 2534 1359 2601 Medio
1401 2557 1689 2625 namque
1730 2534 1950 2601 noctis
1980 2545 2281 2624 tempore
2313 2558 2606 2626 surgen-

466 2653 600 2722 tes,
668 2651 902 2709 mutuo
960 2665 1035 2709 se
1102 2641 1483 2732 praevenire
1556 2640 2061 2709 contendebant
2125 2653 2213 2724 et,
2294 2641 2605 2709 accensis

467 2748 946 2827 luminaribuS,
991 2747 1076 2815 ad
1117 2747 1335 2816 locum
1376 2747 1492 2815 ubi
1533 2747 2029 2838 praedicaturus
2082 2759 2230 2816 erat
2271 2747 2605 2816 ardentis-

468 2856 640 2922 sime
706 2855 1190 2946 properabant.
1261 2858 1328 2922 4.
1404 2854 1663 2923 Milites
1722 2854 1842 2922 acJ'
1923 2865 2276 2923 matronas
2343 2855 2606 2922 nobiles

465 2962 711 3029 mediis
754 2961 1059 3030 tenebris
1103 2985 1417 3029 cerneres
1464 2973 1902 3029 accurrentes
1930 2962 1960 3006 ¹³
1999 2961 2104 3030 etl
2150 2962 2265 3053 qui
2305 2961 2608 3030 resoluta

465 3080 743 3160 torpore
782 3068 1084 3138 membra
1118 3068 1515 3136 stramentis
1556 3068 1980 3136 mollioribus
2014 3070 2394 3137 foventesm
2417 3093 2552 3136 non
2575 3081 2609 3112 '¹

468 3199 756 3266 parvam
785 3174 921 3242 diei
952 3186 1215 3266 partem
1245 3198 1645 3244 consumere
1675 3188 1703 3218 ⁰
1734 3187 2232 3243 consueverant
2255 3188 2315 3256 Ρ,
2346 3176 2607 3267 absque

468 3283 633 3362 ullo,
691 3293 769 3349 ut
806 3281 1057 3363 serunt,
1115 3281 1516 3373 gravamine
1570 3282 2010 3373 praedicantis
2059 3283 2300 3350 faciem
2354 3282 2607 3373 vigiles

468 3388 1069 3480 praeoccupabant.
1115 3394 1177 3457 5.
1216 3389 1526 3457 Aderant
1559 3413 1789 3471 senes,
1826 3389 2191 3457 currebant
2228 3392 2520 3480 juvenes
2545 3401 2602 3476 q,

468 3496 599 3563 viri
648 3495 855 3563 simul
896 3506 965 3564 et
994 3495 1338 3576 muliereS,
1385 3506 1555 3563 aetas
1597 3496 1819 3563 omnis
1860 3510 2063 3588 atque
2103 3496 2427 3564 conditio,
2470 3495 2607 3583 Qui

522 3751 565 3782 a.
597 3738 736 3782 Paris
760 3738 832 3782 De
860 3736 1058 3791 fervore
1087 3736 1407 3782 audientium
1434 3736 1850 3794 praedicationem
1882 3737 2057 3795 ipsius.
2079 3759 2132 3771 —
2163 3737 2206 3783 b.
2237 3738 2343 3782 Alc.
2373 3737 2454 3783 286
2481 3737 2609 3782 mul-

471 3809 718 3854 titudinis.
743 3831 796 3842 -
812 3821 856 3853 c.
880 3808 996 3854 Luc.
1016 3820 1183 3852 arena.
1206 3831 1257 3841 -
1274 3809 1322 3853 d.
1342 3807 1458 3853 Luc.
1474 3820 1568 3865 per
1588 3812 1798 3853 cunctas
1823 3810 2078 3854 ecclesias.
2098 3832 2150 3842 —
2171 3821 2211 3853 e.
2232 3809 2338 3853 Alc.
2359 3809 2452 3863 293,
2474 3807 2608 3862 Luc„

474 3881 583 3926 Pad.
604 3882 716 3936 fieri
746 3879 1026 3926 constituit.
1045 3903 1099 3912 —
1118 3879 1154 3934 s.
1180 3880 1313 3924 Paris
1341 3880 1677 3925 audientium.
1708 3903 1761 3913 —
1779 3892 1825 3935 9.
1859 3880 1973 3924 Luc.
2008 3879 2119 3925 loci.
2145 3903 2199 3913 —
2227 3881 2275 3925 h.
2302 3879 2438 3933 Luc.,
2473 3881 2600 3932 Pad„

472 3951 603 3997 Puris
622 3953 870 3997 veniebat.
890 3975 944 3985 -
966 3951 998 3996 ἱ.
1017 3951 1153 3996 Paris
1169 3964 1259 3995 om.
1286 3954 1348 3996 et.
1373 3975 1425 3985 --
1438 3952 1481 4006 j.
1506 3950 1622 3996 Luc.
1644 3956 1830 3996 autem.
1847 3975 1898 3984 —
1930 3951 1975 3997 k.
1999 3952 2112 3996 Luc.
2141 3956 2400 3996 cernentes
2425 3963 2610 3996 accur-

473 4037 593 4069 rere.
614 4048 667 4058 -
690 4026 721 4069 1.
752 4025 889 4068 Paris
916 4036 1007 4068 om.
1026 4027 1088 4067 et.
1118 4046 1170 4056 -
1200 4025 1388 4068 m.Alc.
1408 4024 1488 4068 286
1504 4034 1547 4067 et
1565 4025 1668 4068 Alc.
1689 4025 1770 4068 293
1791 4028 1836 4067 et
1857 4024 1944 4078 qui
1969 4024 2187 4069 resoluta
2209 4036 2418 4080 corpore
2446 4036 2610 4068 mem-

475 4096 559 4140 bra
599 4095 899 4142 stramentis
932 4094 1249 4140 mollioribus
1298 4095 1536 4150 foventes.
1588 4095 1704 4139 Luc.
1753 4098 1798 4139 et
1845 4095 1932 4150 qui
1976 4100 2093 4139 ante
2133 4095 2352 4139 resoluta
2382 4097 2610 4151 corporis

477 4169 697 4212 membra
727 4166 1025 4211 stramentis
1054 4167 1238 4222 [overe.
1278 4167 1413 4211 Paris
1441 4167 1529 4221 qm·
1559 4167 1779 4211 resoluto
1812 4179 2020 4223 corpore
2054 4168 2280 4211 membra
2316 4168 2610 4212 stramentis

476 4239 788 4284 mollioribus
808 4240 1048 4294 foventes.
1070 4262 1123 4270 —
1143 4250 1192 4282 n.
1218 4237 1334 4282 Luc.
1354 4250 1453 4282 non
1473 4250 1580 4293 per.
1602 4261 1656 4270 —
1684 4251 1728 4283 ο.
1752 4238 1870 4282 Luc.
1885 4251 1976 4283 om.
1994 4250 2307 4283 consumere.
2325 4261 2378 4271 —
2402 4251 2454 4295 p.
2477 4239 2610 4283 Paris

478 4313 861 4355 consueverunt.
886 4332 939 4343 -
969 4322 1015 4365 q.
1040 4309 1155 4355 Luc.
1179 4321 1323 4354 senes
1344 4310 1678 4355 accurrebant
1698 4310 1987 4365 etJ‘uveneS.
