3109 4950
925 424 984 472 s,
1037 422 1325 474 Auroml
1376 423 1701 471 mosum
1748 423 1992 486 rrum,
2048 405 2132 472 19
2507 406 2596 473 59

458 573 681 655 pater,
738 573 961 655 pater,
1014 563 1318 655 inquam,
1370 563 1647 652 Paduae,
1717 587 1959 634 currus
2018 564 2167 656 ejus
2225 574 2293 632 et
2346 564 2596 656 auriga

458 670 680 763 ipsius
710 674 739 738 Ρ
767 672 922 760 Quo
958 670 1400 763 progrederis
1458 671 1610 740 sine
1659 671 1848 750 filiis,
1916 671 2306 741 venerande
2369 681 2591 763 pater,

461 788 583 849 aut
616 778 827 869 quis‘
866 778 1065 846 nobis
1104 778 1434 870 orphanis
1481 778 1582 848 tui
1628 778 1873 847 similis
1923 778 2310 847 invenietur
2335 778 2362 822 ⁶
2399 779 2595 847 verbi

463 885 589 952 Dei
626 884 972 954 veridicus
1011 884 1508 953 annuntiator?
1549 889 1624 954 ln
1664 885 1947 955 Christo
1986 885 2213 953 enim⁶
2258 891 2422 956 Jesu
2473 911 2598 978 per

461 991 897 1085 evangelium
925 1002 998 1060 tu
1038 1016 1164 1060 nos
1205 991 1532 1083 genuisti.
1577 995 1642 1063 7.
1689 992 1826 1072 Sic,
1862 992 2018 1060 sicd
2056 992 2373 1060 nimirum
2419 1016 2594 1062 com·

461 1099 689 1166 munis
710 1098 1009 1167 omnium
1026 1113 1054 1143 ⁶
1077 1098 1272 1168 dolor
1290 1109 1358 1168 et
1373 1100 1700 1168 moestitia
1723 1099 2127 1191 singularis,
2148 1099 2594 1192 ingeminatis

466 1206 787 1298 suspiriis
826 1216 895 1274 et
918 1206 1206 1275 elevatis
1245 1206 1314 1274 in
1344 1229 1505 1274 aera
1542 1206 1856 1284 vocibuS‚
1890 1206 2298 1276 intuentium
2329 1206 2595 1274 animos

465 1312 553 1382 ad
593 1313 1145 1382 lamentationem
1188 1323 1254 1382 et
1284 1313 1537 1381 luctum
1569 1313 1931 1381 invitabat.

472 1750 586 1809 19.
648 1750 753 1808 De
802 1749 1110 1820 planetu
1163 1748 1647 1808 Dominarum
1673 1751 1750 1808 et
1789 1750 2149 1820 quomodo
2196 1749 2597 1808 laborave-

587 1850 763 1907 runt
793 1849 893 1907 ad
916 1849 1340 1906 habendum
1371 1859 1644 1918 corpus
1669 1846 1836 1918 ejus
1874 1842 1914 1903 s.

564 2166 622 2230 1.
703 2164 1020 2250 Quantus
1048 2175 1086 2219 ὅ
1160 2162 1385 2229 luctus
1463 2163 1762 2229 omnium
1790 2162 1847 2242 '·,
1926 2172 2184 2253 quanta
2258 2163 2598 2254 praecipue

468 2268 771 2337 lamenta
818 2270 1197 2359 Pauperum
1243 2268 1726 2336 Dominarum!
1772 2271 1943 2357 Quae
1974 2269 2018 2344 f.
2084 2268 2484 2337 muliebriss
2524 2280 2601 2337 ut

468 2388 667 2444 erant
706 2375 939 2454 animi,
984 2375 1319 2467 imperare
1358 2399 1787 2466 nequaquam
1818 2376 2140 2444 valebant
2170 2376 2356 2443 ssetui
2388 2401 2403 2457 ;
2447 2376 2597 2454 sed,

468 2484 586 2551 et*
613 2484 698 2551 de
743 2483 1079 2575 profundo
1127 2483 1353 2552 cordis
1409 2484 1971 2574 ingemiscente8‚
2026 2484 2386 2574 plorabant
2437 2484 2601 2552 fletu

469 2590 994 2658 inconsolabili:
1032 2594 1094 2658 2.
1140 2594 1283 2657 Heu
1314 2590 1551 2657 nobis!
1599 2590 2059 2681 ingeminant;
2103 2590 2601 2682 benignissime

470 2708 692 2787 pater,
747 2708 825 2764 ut
862 2697 1049 2787 quid,
1100 2707 1169 2764 te
1208 2697 1407 2764 nobis
1462 2696 2002 2764 irrevocabiliter
2054 2697 2350 2773 sublato,
2386 2708 2603 2765 mater

468 2804 948 2871 amaritudinis
1016 2827 1201 2871 mors
1259 2803 1347 2872 ad
1423 2813 1693 2894 tempus
1756 2804 2060 2894 pepercit
2121 2813 2198 2870 ut
2260 2803 2602 2871 crudelius

470 2910 859 2979 laniaretl?
926 2913 992 2979 3.
1061 2910 1455 2978 Sufficiebat
1516 2910 1717 2978 nobis
1779 2921 2151 3001 paupertas
2209 2922 2470 2987 nostra,
2529 2922 2606 2978 ut

471 3018 753 3085 divitias
819 3026 1392 3107 computaremus,
1470 3015 1652 3108 quod
1713 3017 2057 3097 videlicet,
2128 3041 2329 3107 quem
2387 3016 2603 3083 oculis

474 3126 701 3193 carnis
753 3123 987 3191 videre
1055 3138 1256 3190 non¹⁷²
1322 3112 1718 3201 meruimu3‚
1790 3124 2035 3193 saltem
2098 3124 2384 3192 verbum
2441 3124 2603 3191 vita>

474 3232 742 3300 caeteris
826 3230 1311 3322 praedicantem
1405 3230 1641 3298 audire
1717 3241 2134 3323 utcumquen
2210 3254 2597 3321 possemus,

473 3342 537 3406 4.
583 3339 945 3428 Quumque
999 3337 1142 3405 haec
1182 3348 1250 3406 et
1296 3337 1429 3405 alia
1481 3338 1934 3430 gemebundis
1995 3338 2279 3405 vocibus
2333 3337 2603 3404 concla-

475 3456 740 3513 marent
768 3459 825 3517 ⁰.
867 3444 1142 3511 suerunt
1178 3458 1387 3535 quaeP
1427 3444 1777 3513 dicerent:
1825 3448 1920 3513 Ut
1950 3444 2113 3534 quid
2152 3455 2254 3511 tot
2283 3442 2602 3510 lacrimas

476 3563 544 3621 et
574 3551 877 3643 suspiria
916 3550 1277 3645 singultu?
1316 3551 1512 3641 plena
1556 3551 1628 3618 in
1666 3561 1950 3618 ventum
1988 3550 2421 3641 proferimuS,
2456 3558 2599 3627 aut,

524 3807 571 3839 a.
592 3794 699 3838 Alc.
718 3793 955 3848 286quos.
980 3817 1032 3826 —
1063 3792 1107 3837 b.
1133 3790 1286 3849 Lacon
1306 3793 1362 3837 de
1386 3792 1520 3845 Luc..
1553 3791 1665 3836 Pad.
1685 3801 1730 3836 et
1762 3790 1909 3835 Paris,
1934 3789 2039 3834 Alc.
2063 3791 2142 3836 286
2167 3799 2210 3833 et
2230 3790 2335 3834 Alc.
2360 3789 2440 3834 293
2471 3789 2612 3833 inve-

474 3867 627 3911 nitur.
662 3888 717 3899 —-
744 3877 789 3909 c.
826 3866 932 3909 Alc.
956 3865 1101 3910 ‘286et
1122 3865 1227 3908 Alc.
1264 3865 1345 3909 ί293
1380 3875 1470 3908 om.
1509 3873 1663 3907 emm.
1710 3885 1764 3895 —-
1795 3863 1842 3905 d.
1878 3861 2011 3905 Paris
2038 3874 2128 3905 om.
2169 3862 2209 3904 le
2230 3862 2394 3904 second
2419 3861 2510 3904 sic.
2557 3884 2611 3894 —

474 3949 515 3981 e.
542 3936 675 3982 Paris
707 3935 961 3981 omnibus.
989 3958 1043 3969 —
1072 3934 1108 3990 Ι.
1133 3936 1245 3979 Pad.
1275 3947 1365 3980 om.
1388 3935 1512 3989 ejus.
1546 3933 1682 3977 Paris
1700 3934 1847 3977 donne
1867 3945 2040 3976 comme
2075 3933 2178 3975 titre
2211 3932 2399 3976 Luctus
2433 3932 2611 3975 Domi-

476 4019 657 4052 narum
698 4008 1006 4061 Pauper-um.
1027 4028 1080 4039 —
1108 4019 1154 4062 9.
1180 4006 1313 4057 Luc„
1350 4005 1481 4059 Paci„
1515 4004 1650 4049 Paris
1679 4006 1718 4050 Ο
1746 4009 1982 4059 quantus.
2024 4026 2076 4036 —
2109 4004 2157 4048 h.
2190 4004 2295 4047 Alc.
2316 4004 2395 4049 286
2426 4007 2473 4046 et
2505 4004 2610 4048 Alc.

476 4080 553 4123 ‘293
573 4076 861 4123 hominum.
883 4098 937 4109 -—
960 4077 993 4121 i.
1014 4077 1120 4121 Alc.
1149 4077 1246 4129 285,
1276 4076 1381 4121 Alc.
1411 4076 1508 4129 293,
1540 4076 1675 4129 Luc„
1694 4075 1828 4119 Paris
1849 4075 2116 4119 intercalent
2134 4074 2195 4117 ici
2216 4073 2351 4128 quia.
2377 4073 2482 4128 —j.
2504 4075 2611 4119 Alc.

476 4149 555 4194 285
573 4158 617 4193 et
636 4147 742 4193 Alc.
763 4149 847 4193 293
878 4147 1194 4192 mulieribus.
1227 4170 1281 4181 —
1320 4148 1366 4191 k.
1390 4146 1503 4191 Pad.
1525 4159 1618 4191 om.
1639 4150 1701 4192 et.
1723 4170 1774 4180 —·
1801 4146 1836 4191 1.
1857 4145 1972 4191 Luc.
1998 4147 2277 4190 damnaret,
2302 4167 2355 4177 —
2385 4156 2453 4188 m.
2476 4144 2613 4188 Paris

478 4233 566 4267 om.
598 4231 717 4264 non.
738 4243 793 4253 —
813 4232 863 4263 n.
886 4220 988 4263 Alc.
1008 4219 1090 4264 286
1122 4230 1166 4264 et
1198 4220 1304 4263 Alc.
1338 4218 1419 4263 293
1442 4221 1733 4273 utrumque.
1772 4239 1825 4251 -
1858 4230 1903 4261 0.
1929 4216 2065 4261 Paris
2100 4215 2524 4261 collacrimarent.
2556 4238 2610 4250 -·

475 4304 530 4350 p.
553 4290 671 4336 Luc.
695 4290 803 4348 qui.
827 4311 880 4324 -
910 4302 957 4348 q.
987 4290 1121 4335 Paris
1151 4289 1475 4346 singultibus.
