3109 4950
463 384 603 503 '306

531 591 974 642 canonizationis
998 590 1105 652 die,
1132 591 1450 654 exsultatio,
1473 589 1534 642 L.
1555 604 1639 655 pr.

531 670 638 721 Ad.
672 671 802 722 Luc.
833 673 856 722 1
910 681 965 720 n·
996 674 1041 732 1,
1067 684 1123 735 ρ.
1170 674 1293 731 116;
1349 670 1454 722 Ad.
1492 671 1634 723 Pad.

463 806 469 811 ,
530 750 610 800 ΙΙΙ
641 762 696 800 ιι·
728 755 801 806 14.
840 766 893 816 p.
929 754 1036 802 135.

473 829 679 892 Ulixes,
695 845 792 881 seu
819 831 1061 896 Utysses.
1087 832 1167 883 Ab
1186 846 1246 882 eo
1270 833 1436 898 vulgo
1451 831 1641 882 dicunt

534 910 862 962 Ulixbonam
886 912 1062 975 luisse
1085 912 1383 973 conditam,
1409 912 1469 963 L.
1498 926 1581 977 ρι’.
1613 916 1642 961 2

530 1001 586 1040 ιι·
610 995 657 1053 2,
690 1006 744 1057 p.
768 995 846 1042 25.

470 1070 983 1136 myssa-chevalier
1026 1072 1256 1138 (Abbe),
1320 1074 1642 1139 Repertoire

530 1152 629 1203 des
658 1166 882 1205 sources
921 1153 1111 1204 histor.
1160 1154 1233 1204 du
1284 1167 1473 1217 moyen
1518 1154 1640 1216 Age,

531 1247 586 1298 p.
604 1236 714 1283 271.

474 1313 666 1364 Unctio
695 1326 878 1364 sacra.
916 1313 1200 1366 L'nctionis
1229 1327 1402 1365 sacrae
1444 1314 1559 1363 oleo
1583 1313 1641 1364 S.

529 1394 569 1444 A
579 1393 824 1443 ntonium
832 1394 1042 1458 fratres
1052 1398 1139 1445 sta
1148 1398 1306 1445 luunt
1314 1407 1641 1459 perungere,

536 1472 596 1524 1..
646 1486 729 1537 ρι’.
780 1477 836 1523 17
886 1484 942 1523 ιι·
991 1475 1069 1534 13,
1114 1487 1170 1539 p.
1212 1479 1291 1523 56.
1326 1472 1641 1525 Unctionem

533 1554 689 1604 ittam
708 1553 818 1605 sibi
852 1553 1069 1618 quidem
1107 1568 1216 1605 non
1249 1554 1641 1613 necessariam,

532 1633 631 1685 sed
662 1637 844 1684 tamen
875 1634 1072 1685 bonam
1115 1648 1232 1685 esse
1269 1634 1556 1700 respondit
1583 1633 1639 1685 S.

531 1716 678 1774 Ant„
713 1715 773 1765 L.
800 1729 883 1779 ρι’.
906 1718 963 1764 17
993 1725 1051 1765 ιι·
1079 1718 1155 1777 14,
1179 1728 1231 1779 p.
1262 1719 1340 1765 56.

596 1796 660 1845 S.
718 1798 849 1845 Ant.
900 1794 1121 1845 declat-e
1176 1808 1284 1859 que
1336 1795 1642 1847 l'extreme-

532 1876 753 1926 onction
800 1888 867 1925 ne
908 1875 984 1925 lul
1036 1877 1122 1926 est
1163 1889 1266 1941 pas
1309 1876 1639 1933 necessaire,

535 1957 673 2005 mais
704 1955 1010 2006 seulement
1035 1953 1189 2005 utile.
1213 1955 1483 2017 Etranges
1500 1968 1642 2005 com·

533 2037 829 2086 mentaires
873 2037 1001 2100 qu'a
1039 2035 1274 2086 suscites
1315 2048 1378 2086 ce
1403 2046 1642 2100 passage

533 2116 685 2166 dela
733 2116 839 2178 leg.
879 2116 1091 2181 prima;
1132 2128 1455 2180 remarques
1499 2115 1532 2164 ὲ
1580 2128 1642 2165 ce

536 2198 699 2258 sujet,
720 2210 775 2261 p.
802 2201 863 2244 56
891 2199 1003 2247 not.
1034 2200 1079 2246 2.

477 2276 818 2327 Universites
864 2276 932 2327 de
974 2277 1219 2340 Bologne
1259 2278 1316 2326 et
1360 2274 1429 2326 de
1470 2275 1642 2326 Mont-

535 2356 748 2421 pellier.
799 2360 848 2406 A
904 2355 1118 2421 quelles
1172 2356 1331 2406 dates
1371 2356 1508 2406 elles
1546 2358 1645 2407 ont

535 2438 848 2488 commence
893 2436 926 2486 ἐι
970 2437 1126 2488 avoir
1167 2436 1265 2487 des
1300 2436 1531 2487 iacultes
1575 2435 1643 2486 de

537 2518 828 2580 theologie,
858 2532 910 2581 p.
943 2520 1032 2567 118
1053 2521 1165 2569 not.
1198 2520 1365 2584 1,,119
1394 2521 1504 2568 not.
1540 2523 1586 2566 3.

477 2596 686 2647 UrbaIn
711 2598 860 2649 VIII.
900 2597 1222 2648 Correction
1263 2597 1337 2648 du
1371 2597 1642 2648 breviaire

535 2676 813 2728 ordonnee
843 2690 945 2742 par
974 2678 1068 2738 lui,
1102 2692 1156 2742 p.
1184 2683 1245 2727 56
1274 2680 1385 2728 not.
1420 2681 1464 2727 1.

478 2757 736 2808 (Isurarii
786 2759 1161 2822 soeneratores.
1214 2757 1325 2809 Eos
1360 2763 1418 2810 ut
1451 2759 1642 2810 ablata

536 2852 751 2903 querque
790 2838 1088 2889 restituunt
1133 2839 1267 2889 mire
1315 2839 1528 2889 inducit
1584 2841 1638 2887 s.

534 2920 692 2979 Ant„
724 2919 783 2969 L.
817 2932 900 2983 pr.
931 2923 989 2969 13
1019 2929 1074 2968 n·
1104 2922 1180 2979 12,
1211 2933 1265 2984 p.
1296 2923 1356 2968 48
1385 2922 1440 2970 et
1466 2924 1545 2969 49.

478 2999 736 3051 L'surarii
763 3000 1045 3050 conversio
1088 3000 1293 3063 famosi
1310 3015 1329 3049 .·
1368 3001 1433 3049 V.
1468 3000 1499 3051 J
1507 3012 1640 3050 Aco-

537 3092 701 3130 mnes
737 3092 807 3129 nt:
845 3079 1154 3130 CARTUmo.

478 3159 737 3210 Csururii
763 3173 857 3209 cor
880 3175 896 3209 .·
921 3160 986 3209 V.
1016 3159 1138 3212 Con
1167 3171 1453 3211 usunsml.

1031 3329 1081 3376 V

486 3482 672 3535 Veneti
711 3483 785 3533 ad
824 3482 881 3535 S.
929 3483 1055 3534 Ant.
1095 3483 1302 3547 sepulc.
1354 3486 1638 3542 accurunt,

536 3564 599 3615 Ι..
625 3575 708 3628 pr.
734 3567 812 3622 26,
844 3573 900 3612 n·
920 3567 997 3623 2ο,
1024 3576 1079 3627 p.
1109 3566 1185 3612 74.

481 3643 781 3696 lf'enetiana
828 3643 894 3692 de
932 3642 1156 3694 civitate
1194 3643 1508 3704 Tar-risina,
1545 3658 1639 3692 sa-

533 3727 687 3774 nata.
716 3722 774 3773 L.
807 3736 889 3788 ρι’.
919 3727 978 3772 37
1007 3734 1062 3772 ιι·
1097 3728 1142 3782 3,
1171 3736 1224 3788 ρ.
1258 3727 1364 3774 102.

470 3803 705 3864 ven-cen,
749 3817 804 3867 ρ.
847 3807 937 3853 165
976 3806 1087 3853 not.
1125 3808 1170 3864 2,
1209 3807 1316 3864 168,
1351 3808 1437 3853 169
1461 3806 1635 3862 ιιοῑ.1,

529 3886 638 3945 172,
674 3887 781 3944 176,
806 3887 896 3933 196
925 3886 1037 3933 not.
1061 3887 1107 3944 2,
1140 3887 1247 3944 263,
1281 3888 1388 3934 259.

476 3964 833 4016 I'crceltensis
879 3964 1072 4025 abbas,
1136 3977 1291 4030 quem
1348 3964 1637 4016 dilectione

521 4045 800 4111 prcecipua
843 4035 899 4096 8.
939 4044 1064 4095 Ant.
1089 4048 1415 4108 prosecutus
1441 4048 1540 4105 est,
1576 4043 1633 4092 1..

530 4137 611 4189 ρι’.
643 4123 749 4175 Ad.
775 4124 908 4175 Luc.
950 4124 1002 4173 11
1051 4135 1126 4173 ιι··
1146 4128 1207 4174 29
1233 4128 1290 4175 et
1315 4129 1393 4184 30,
1422 4138 1474 4188 p.
1510 4127 1635 4184 123;

531 4206 591 4256 L.
629 4206 762 4255 Ben.
805 4204 848 4253 P
872 4214 928 4253 ιι·
971 4207 1017 4264 2,
1045 4218 1099 4269 ρ.
1131 4208 1241 4254 233.
1280 4204 1420 4255 Eum
1471 4216 1639 4268 quan-

531 4286 700 4350 doque
731 4285 784 4336 S.
816 4284 1086 4336 Antonius
1103 4285 1468 4349 perdocuerat
1496 4284 1639 4334 tleeo-

1287 452 1504 507 unm
1525 433 2077 513 *mmmm-inqua

1815 591 2021 657 logiam
2049 594 2118 652 et,
2158 605 2321 642 versa
2355 591 2491 653 vice,
2515 592 2586 643 ab
2602 607 2664 648 eo
2699 592 2756 645 S.
2792 591 2933 644 Dio-

1816 672 1966 736 nysii
2017 671 2326 722 doctrinam
2376 677 2674 739 receperat,
2726 672 2797 723 L.
2844 686 2931 738 ρι’.

1814 751 1921 802 Ad.
1953 751 2085 802 Luc.
2132 752 2185 802 11
2213 763 2270 801 ιι·
2298 757 2378 813 30,
2417 767 2472 816 p.
2508 756 2629 813 1233
2666 752 2733 803 L.
2788 752 2935 805 Ben.

1816 831 1859 881 P
1893 845 1949 881 ιι·
1974 835 2021 886 2.
2048 845 2105 896 p.
2130 834 2238 882 233.
2254 831 2358 883 Ittc
2383 832 2439 883 S.
2461 832 2587 884 Ant.
2613 831 2933 895 scientiam,

1746 960 1751 968 ,
1815 912 1873 962 in
1900 911 2135 976 quodam
2174 914 2570 967 ,commentario
2595 927 2714 974 suo,
2742 913 2935 963 excet-

1814 991 2116 1042 lentissime
2165 993 2527 1055 commendat,
2588 993 2648 1043 L.
2686 1006 2777 1058 pr.
2815 991 2935 1043 Ad.

1816 1072 1947 1121 Luc.
1980 1072 2032 1121 11
2063 1082 2120 1121 n·
2148 1075 2226 1133 31,
2253 1086 2309 1137 ρ.
2332 1076 2423 1122 123
2446 1086 2459 1133 ;
2488 1072 2549 1123 L.
2572 1074 2706 1124 Ben.
2729 1072 2774 1122 P
2794 1082 2855 1123 ιι·
2882 1077 2935 1132 3,

1814 1165 1867 1216 ρ.
1900 1155 2025 1214 233;
2053 1166 2107 1217 ρ.
2139 1157 2247 1203 259.
2276 1151 2378 1204 Illi
2395 1151 2452 1205 S.
2478 1153 2767 1214 Antonius,
2801 1153 2934 1218 ipsa

1813 1231 1993 1282 obitus
2035 1232 2193 1293 hora,
2232 1236 2482 1298 apparet,
2542 1232 2609 1285 L.
2666 1246 2752 1297 ρι’.
2804 1232 2926 1285 Λᾶ.

1815 1311 1945 1363 Luc.
1968 1313 2020 1363 11
2042 1322 2119 1363 n··
2147 1316 2207 1362 29
2228 1313 2261 1363 ὲ
2285 1316 2365 1374 38,
2394 1327 2448 1378 ρ.
2477 1316 2567 1362 123
2586 1327 2600 1375 ;
2622 1312 2687 1363 L.
2715 1312 2853 1363 Ben.
2890 1313 2935 1361 P

1815 1401 1890 1441 ιι··
1915 1396 1938 1443 1
1972 1393 2004 1442 ὲ
2033 1398 2083 1453 9,
2112 1406 2166 1457 ρ.
2196 1396 2320 1452 233;
2355 1407 2411 1458 ρ.
2444 1396 2534 1443 165
2561 1395 2675 1445 not.
2718 1396 2766 1453 2,
2816 1395 2935 1452 168,

1815 1476 1905 1523 169
1932 1475 2046 1523 not.
2078 1475 2124 1533 1,
2154 1476 2261 1533 172,
2295 1477 2404 1534 176,
2436 1476 2527 1523 196
2554 1476 2668 1524 not.
2699 1476 2747 1533 2,
2778 1476 2896 1522 203.

1753 1553 1988 1615 Verona,
2006 1568 2061 1618 p.
2087 1556 2142 1602 81
2163 1557 2277 1604 not.
2301 1556 2346 1615 1,
2380 1557 2489 1615 188,
2515 1556 2623 1615 190,
2642 1557 2732 1604 196
2746 1556 2863 1603 not.
2882 1556 2933 1602 2.

1764 1632 2033 1684 Vicentini
2074 1633 2150 1684 ad
2193 1632 2250 1685 8.
2288 1634 2421 1685 Ant.
2458 1634 2691 1698 sepulcr.
2730 1646 2937 1684 accur-

1813 1717 1962 1775 rant,
1992 1713 2055 1764 L.
2088 1727 2170 1778 ρι’.
2198 1716 2260 1765 26
2289 1725 2346 1763 ιι·
2374 1717 2452 1775 2ο,
2482 1728 2533 1778 ρ.
2565 1718 2642 1765 74.

1751 1795 1987 1845 vincent
2030 1792 2098 1844 de
2148 1794 2441 1845 Beauvais.
2500 1795 2576 1845 Sa
2622 1794 2806 1845 notice
2836 1806 2938 1844 sur

1816 1875 1874 1925 S.
1905 1877 2065 1936 Ant„
2091 1887 2148 1939 p.
2170 1875 2218 1923 V
2247 1876 2356 1925 nol.
2382 1877 2425 1927 1.
2459 1874 2606 1925 C’est
2634 1889 2708 1925 un
2726 1875 2939 1925 extu-ait

1813 1962 1944 2005 sans
1990 1955 2190 2005 interel.
2223 1953 2292 2004 de
2326 1955 2378 2005 la
2422 1955 2550 2007 vita
2597 1958 2744 2006 auct.
2790 1968 2935 2005 ano-

1814 2049 1972 2099 nymo
2002 2035 2129 2099 (Jul.
2154 2036 2222 2086 de
2241 2036 2441 2100 Spire),
2475 2049 2524 2099 p.
2552 2039 2581 2085 2
2603 2038 2714 2087 not.
2741 2039 2791 2095 4,
2817 2038 2932 2097 161,

1763 2161 1768 2165 .
1813 2120 1922 2177 238,
1950 2118 2065 2165 251.
2102 2126 2106 2131 ·

1754 2198 1989 2248 vincent
2038 2195 2106 2247 de
2156 2196 2433 2248 Lisbonne
2476 2196 2811 2260 (Monastere
2855 2196 2929 2248 de

1814 2276 2016 2339 saint);
2070 2291 2172 2327 son
2218 2276 2526 2328 Indiculum
2562 2276 2926 2338 fundationis,

1815 2372 1870 2423 ρ.
1901 2361 1960 2407 27
1996 2361 2106 2407 not.
2135 2360 2181 2406 1.

1763 2437 2078 2491 Vincentius
2142 2437 2439 2502 (Sanctus),
2488 2441 2723 2504 martyr.
2784 2436 2932 2500 Eius

1815 2532 2013 2585 corpus
2059 2518 2210 2583 apud
2256 2518 2582 2570 Ulixbonam
2625 2518 2934 2582 honorifice

1815 2599 2110 2659 conditum,
2145 2598 2206 2649 L.
2231 2612 2315 2664 ρι’.
2341 2602 2370 2648 2
2401 2609 2457 2649 ιι·
2481 2604 2528 2661 3,
2556 2612 2613 2663 ρ.
2638 2603 2717 2649 25.

1879 2679 1954 2730 Sa
1975 2679 2307 2730 translation
2331 2682 2385 2730 et
2402 2692 2491 2730 ses
2510 2679 2765 2730 miracles
2782 2679 2934 2732 dans

1814 2759 1865 2811 le
1894 2760 1996 2810 Ms.
2020 2759 2141 2809 Alc.
2168 2763 2277 2820 286,
2304 2773 2358 2824 ρ.
2379 2763 2453 2809 14.

1761 2839 1955 2892 Vinum
1997 2838 2229 2903 effusum
2258 2839 2406 2890 dolio
2437 2839 2571 2890 mere
2600 2840 2848 2892 restituit
2876 2845 2935 2894 et

1812 2920 2077 2985 scyphum
2104 2920 2447 2985 perfractum
2488 2919 2837 2985 redintegrat
2866 2920 2929 2972 S.

1813 2999 1959 3060 Ant„
1998 2997 2056 3048 L.
2107 2998 2208 3048 Ms.
2259 2998 2423 3054 Flor.‚
2474 3012 2528 3062 p.
2571 3001 2700 3059 2443
2749 3012 2806 3063 p.
2834 3000 2932 3048 166

1814 3083 1924 3130 not.
1956 3082 2001 3139 1,
2035 3082 2141 3138 180,
2174 3081 2283 3138 161,
2315 3081 2423 3138 182,
2452 3082 2564 3139 242,
2590 3081 2701 3128 263.

1876 3159 2057 3209 Detail
2086 3157 2387 3223 burlesque
2407 3157 2671 3209 introdust
2698 3158 2842 3209 dans
2862 3172 2931 3210 oe

1814 3240 1950 3291 tecit
1978 3252 2081 3304 par
2106 3237 2162 3289 la
2192 3238 2297 3301 leg.
2329 3236 2397 3288 de
2427 3237 2710 3300 Florence,
2730 3251 2788 3302 p.
2810 3241 2929 3288 244.

1762 3318 2069 3385 Virginitas
2105 3321 2162 3370 S.
2189 3320 2315 3370 Ant.
2358 3318 2723 3369 mundissimo
2752 3332 2931 3384 usquc

1814 3400 1871 3450 in
1893 3401 2078 3463 finem,
2109 3398 2169 3448 L.
2203 3399 2336 3449 Ben.
2366 3402 2414 3450 A
2446 3409 2503 3448 n·
2530 3403 2579 3462 4,
2604 3413 2658 3464 p.
2693 3402 2808 3450 208.

1761 3479 1926 3545 Wrgo
1953 3479 2156 3530 Maria.
2188 3478 2354 3528 Haud
2392 3480 2551 3544 longe
2589 3479 2659 3529 ab
2687 3479 2929 3531 ccclesia

1809 3560 2067 3624 gloriosa}
2110 3558 2350 3624 virginis
2391 3557 2601 3620 Mariae,
2663 3558 2722 3608 in
2764 3558 2930 3610 Ulia:-

1814 3642 1973 3702 bona,
2020 3643 2076 3693 8.
2117 3641 2246 3691 Ant.
2283 3642 2544 3704 parentes
2583 3638 2931 3689 domicilium

1807 3720 2183 3784 possidebant,
2211 3719 2272 3770 L.
2304 3733 2385 3795 pr.
2414 3722 2441 3768 2
2465 3728 2542 3768 ιι··
2570 3720 2671 3769 3et
2692 3722 2739 3779 4,
2764 3731 2820 3782 p.
2842 3722 2925 3786 25.

1820 3801 2066 3866 Virginis
2101 3801 2356 3851 invocato
2384 3799 2617 3860 nomine,
2646 3813 2681 3849 a
2710 3797 2932 3850 diaboli

1801 3867 2187 3944 'persecutione
2212 3879 2269 3932 S.
2285 3879 2406 3930 Ant.
2435 3878 2720 3940 liberatur,
2742 3877 2808 3929 L.
2834 3891 2927 3943 pr.

1754 4012 1764 4023 ,
1810 3963 1869 4009 12
1899 3971 1955 4010 ιι·
1983 3966 2031 4019 3,
2054 3974 2108 4025 ρ.
2143 3964 2227 4009 46.
2258 3959 2533 4024 llymnum
2557 3960 2616 4010 in
2660 3958 2928 4009 honorem

1812 4040 2051 4107 virginis
2078 4057 2103 4087 κ
2132 4040 2175 4092 Ο
2191 4040 2442 4105 gloriosa
2471 4038 2693 4090 domina
2720 4057 2770 4098 n,
2792 4037 2926 4102 Jam

1810 4121 1975 4172 morti
1996 4120 2304 4187 proximus,
2340 4120 2431 4185 pie
2459 4122 2649 4170 cantat
2682 4118 2739 4170 8.
2768 4120 2925 4182 Ant„

1810 4203 1870 4254 L.
1904 4215 1987 4266 ρι’.
2021 4204 2077 4250 17
2110 4210 2164 4249 ιι·
2199 4202 2278 4262 11,
2308 4214 2364 4265 ρ.
2394 4204 2454 4249 55
2483 4201 2542 4250 et
2566 4204 2644 4250 56.

1756 4282 2018 4334 Virtutes.
2068 4281 2148 4333 Ab
2178 4279 2316 4346 ipsis
2339 4281 2510 4345 ferme
2544 4279 2924 4343 incunabulis,
