3109 4950
700 468 761 515 S.
815 468 1100 515 Amonn
1150 469 1472 515 Leonum
1521 469 1773 530 Palm,
1825 450 1912 516 36
1951 468 2034 515 ετ
2073 449 2160 517 37
2369 449 2490 516 101

1027 882 1145 942 36.
1180 884 1285 941 De
1315 881 1745 954 epilepticis
1775 889 1826 941 ⁸.

448 1176 513 1241 1.
562 1174 640 1239 In
683 1171 960 1240 civitate
988 1171 1315 1240 Paduana
1340 1171 1367 1216 ὅ
1396 1183 1545 1241 erat
1577 1171 1818 1240 mulier
1848 1172 2184 1263 quaedam,
2222 1172 2494 1242 nomine

362 1279 735 1347 Michelota
759 1292 812 1360 ⁶,
854 1303 1029 1371 quae,
1075 1303 1281 1370 quum
1332 1303 1455 1370 per
1492 1278 1642 1346 dies
1681 1288 1835 1347 octo
1873 1279 2287 1371 aegritudine
2333 1304 2493 1371 qua-

360 1385 518 1454 dam
548 1385 919 1464 laboraret,
952 1385 1254 1466 tandem,
1301 1385 1518 1454 morbi
1559 1385 1798 1453 caduci
1829 1395 2031 1476 peste
2075 1386 2494 1455 horribiliter

360 1479 720 1584 occupata,
762 1492 990 1560 lumen
1038 1492 1385 1561 oculorum
1439 1493 1712 1583 penitus
1762 1493 2143 1561 amiserat&
2168 1504 2236 1562 et
2290 1494 2493 1562 morti

359 1598 912 1692 appropinquare
955 1600 1108 1668 visa
1149 1610 1280 1667 est.
1334 1603 1398 1667 2.
1447 1601 1672 1688 Quam
1712 1623 1919 1691 quum
1967 1611 2187 1668 mater
2215 1601 2363 1691 ejus
2404 1600 2493 1670 ad

361 1709 584 1775 saneti
642 1706 862 1797 patris
920 1707 1203 1774 Antonii
1260 1707 1593 1775 tumulum
1649 1707 2048 1798 deportari⁶
2089 1707 2370 1777 fecisset
2426 1718 2496 1776 et

360 1837 570 1904 super
608 1836 860 1896 arcam,
905 1813 1238 1882 orationis
1269 1814 1522 1906 gratia,
1555 1814 1988 1895 collocasset,
2018 1837 2198 1893 mox,
2233 1815 2492 1905 apertis

360 1919 603 2001 oculis,
658 1920 885 1988 lumen
940 1920 1197 2011 recepit
1252 1931 1344 2000 et,
1405 1920 1492 1989 ab
1548 1944 1629 1989 eo
1689 1932 2018 2013 tempore,
2075 1921 2496 2013 epileptica!

362 2050 791 2118 nequaquam
822 2037 1016 2117 peste
1044 2027 1388 2096 laboravit
1404 2041 1467 2097 ὅ.

448 2139 514 2204 3.
588 2136 771 2201 Puer
818 2133 1118 2225 quidam,
1185 2134 1454 2202 nomine
1512 2136 1810 2222 Simeon,
1870 2136 1958 2203 ab
2014 2136 2214 2203 annis
2269 2136 2493 2205 tribus

362 2240 583 2308 morbi
624 2229 862 2309 caduo'i
900 2240 1343 2332 passionibus
1382 2251 1631 2321 tortae,
1676 2265 1961 2333 pronam
1985 2242 2016 2286 '⁸
2055 2253 2257 2312 terrae
2289 2268 2492 2335 quam

365 2372 544 2438 saepe
575 2347 820 2415 faciem
848 2348 1254 2429 collidebat3
1289 2372 1628 2441 quumque
1681 2350 1947 2418 ruinam
1993 2374 2248 2440 passus
2286 2351 2494 2419 mise-

362 2454 672 2524 rabiliter
710 2453 1100 2546 palpitaret,
1148 2455 1333 2524 nullo
1373 2481 1446 2524 se
1499 2457 1852 2525 conamine
1892 2456 1980 2526 ad
2026 2458 2247 2526 locum
2288 2458 2494 2527 alium

364 2586 637 2630 movere
687 2572 958 2654 poterat
979 2563 1022 2631 1‘.
1065 2567 1130 2632 4.
1189 2567 1397 2632 Facto
1441 2564 1656 2656 igitur
1704 2575 1890 2647 vom,
1936 2565 2230 2634 sollicita
2279 2577 2495 2635 mater

362 2671 503 2759 ejus
534 2669 627 2738 ad
668 2669 891 2738 sancti
932 2671 1213 2739 Antonii
1262 2672 1594 2739 tumulum
1636 2696 1918 2762 puerum
1956 2671 2174 2752 duxit,
2209 2674 2496 2764 fusaque

363 2777 667 2845 oratione
719 2776 991 2845 domum
1042 2777 1339 2859 rediens»,
1376 2802 1806 2871 nequaquam
1850 2780 2030 2849 ultra
2073 2779 2273 2849 dictae
2306 2781 2499 2849 infir-

362 2884 672 2953 mitatis!
711 2884 822 2952 vel
865 2884 1069 2977 signa
1105 2885 1409 2976 pertulit.

1069 3301 1190 3359 37.
1222 3301 1329 3358 De
1359 3300 1701 3373 gibbosis
1727 3296 1780 3361 ἢ.

455 3594 511 3658 1.
539 3588 830 3657 Juvenis
850 3590 872 3631 ἱ
900 3588 1200 3679 quidam,
1225 3587 1724 3657 Tridentinusm
1748 3589 2038 3671 nomine,
2074 3614 2281 3681 quum
2312 3592 2500 3682 quin·

366 3719 490 3786 que
558 3718 894 3764 annorum
938 3695 1188 3785 spatio,
1250 3706 1688 3764 excrescente
1728 3696 1797 3763 in
1852 3698 2052 3787 spina
2099 3698 2291 3765 dorsi
2353 3699 2501 3790 ejus

415 3922 458 3954 a.
486 3910 590 3953 Alc.
618 3909 700 3953 ‘286
726 3909 797 3953 De
826 3909 1091 3965 epileticis.
1136 3909 1271 3954 Paris
1313 3909 1382 3953 De
1419 3910 1702 3966 epilenticis
1745 3912 1955 3955 sanatis.
1990 3934 2043 3943 —
2075 3912 2118 3955 b.
2145 3910 2259 3955 Luc.
2304 3916 2350 3956 et
2390 3913 2501 3958 Pad.

367 3981 560 4024 Paduae.
604 4002 660 4012 —
705 3991 745 4024 c.
795 3979 906 4024 Luc.
958 3980 1243 4025 Micholeta.
1286 3981 1403 4025 Ano.
1451 3981 1761 4026 Michalolta.
1803 4006 1858 4014 —
1898 3983 1946 4027 d.
1991 3982 2127 4026 Paris
2153 3984 2341 4028 amisit.
2379 4008 2432 4017 —
2461 3997 2501 4030 e.

367 4048 494 4093 Paris
542 4051 827 4105 deportare.
867 4074 923 4084 —
977 4051 1013 4107 Ῑ.
1040 4053 1142 4096 Alc.
1199 4053 1280 4097 5286
1332 4052 1620 4108 epilentica.
1663 4076 1715 4085 —
1757 4066 1802 4109 9.
1851 4054 2037 4097 Ancone
2079 4058 2201 4098 omet
2240 4055 2282 4097 le
2321 4053 2458 4101 detail
2493 4074 2502 4101 :

368 4132 516 4175 quum
541 4133 636 4177 per
658 4121 770 4166 dies
795 4124 907 4166 octo
930 4121 1229 4177 a’9ritudine
1253 4124 1475 4178 quadam
1501 4125 1765 4169 laboraret.
1786 4125 1903 4168 -1ι,
1923 4124 2036 4167 Luc.
2057 4136 2237 4179 prona.
2268 4149 2320 4157 —
2342 4126 2371 4169 ἱ.
2400 4127 2501 4170 Alc.

369 4193 445 4236 28ss
471 4197 515 4235 et
544 4192 678 4236 Paris
698 4194 883 4249 potuit.
912 4192 1024 4237 Luc.
1051 4206 1105 4238 se
1126 4195 1309 4249 potuit.
1336 4218 1388 4226 —
1412 4196 1452 4250 1'.
1478 4195 1585 4238 Ale.
1609 4196 1689 4239 286
1729 4195 2029 4250 infirmitati.
2069 4219 2122 4228 -
2163 4196 2209 4240 k.
2244 4196 2373 4241 Paris
2413 4210 2500 4242 om.

372 4261 438 4305 De
458 4262 690 4317 gibbosi).
718 4287 771 4296 —
801 4263 833 4308 1.
864 4263 976 4308 Luc.
1004 4265 1238 4320 Signum.
1271 4265 1501 4310 Juvenis.
1527 4289 1581 4298 —
1606 4276 1674 4310 m.
1701 4267 1804 4310 Alc.
1831 4267 1909 4310 ‘286
1935 4267 2210 4312 Triatt‘nus.
2237 4266 2351 4312 Luc.
2383 4268 2505 4313 Ter-

374 4331 586 4381 rilimus.
613 4334 728 4380 Pad.
761 4334 1043 4381 Trintinus.
1071 4336 1202 4381 Paris
1225 4336 1497 4382 Martinus.
