3109 4950
522 415 611 482 88
1006 434 1066 480 s,
1119 433 1409 480 ΑΝτοΝιι
1457 434 1782 481 Lac-Eum
1831 435 2073 496 rumix,
2124 416 2207 483 31

522 573 976 664 effugerenta,
1009 597 1196 641 more
1236 596 1635 665 pauperum,
1679 572 2034 660 colligeret
2061 573 2110 658 ὅ,
2156 574 2410 644 auditis
2437 589 2464 617 ⁶
2503 598 2654 665 quae

521 704 645 771 per
683 680 869 749 beati
913 680 1194 748 Antonii
1246 681 1489 749 merita
1539 680 1819 768 fiebant,
1875 705 2010 749 non
2056 681 2204 749 sine
2254 706 2507 773 magno
2555 682 2656 749 la-

520 788 710 867 bore,
753 787 1235 878 recuperanda}
1277 788 1599 856 sanitatis
1642 787 1893 877 gratia,
1929 788 2287 857 Paduamd
2313 789 2644 879 pervenit.

521 897 631 963 29.
676 897 1061 986 Quumque,
1105 919 1246 987 prae
1300 894 1736 964 multitudine
1790 894 2237 975 infirmorum,
2283 896 2370 964 ad
2421 920 2649 964 arcam

523 1025 659 1070 non
711 1001 975 1071 valeret
1026 1002 1373 1089 accedere,
1437 1026 1560 1093 per
1604 1002 1813 1071 sudes
1853 1026 2084 1070 arcam
2127 1003 2651 1071 circumstantes

522 1109 833 1177 immisso
881 1109 1076 1199 pede,
1122 1110 1342 1177 locum
1400 1109 1696 1201 sepulcri
1753 1109 2128 1178 conabatur
2186 1111 2647 1200 pertingeree.

525 1219 633 1286 30.
678 1217 832 1304 Quo
888 1216 1138 1307 quumf
1172 1226 1501 1307 protensa
1562 1216 1795 1285 tibiae
1834 1215 2074 1307 pedem
2128 1218 2555 1308 porrexisset
2591 1217 2649 1304 ¹⁸,

524 1346 680 1390 mox
708 1333 939 1391 tantus
978 1322 1047 1389 in
1088 1346 1237 1390 eam
1269 1323 1461 1391 dolor
1489 1323 1689 1392 irruit
1716 1334 1816 1405 ut,
1853 1324 2208 1392 commotis
2240 1324 2327 1392 ab
2359 1324 2494 1392 imo
2516 1325 2652 1391 vis·

525 1430 797 1498 ceribus
840 1430 883 1511 ἱ,
962 1429 1160 1521 quasi
1240 1430 1494 1498 exitum
1574 1430 2022 1509 minantibuS,
2099 1455 2242 1522 prae
2329 1432 2656 1521 angustia

521 1537 960 1605 vehementer
1004 1537 1308 1606 sudaret.
1351 1542 1462 1607 31.
1504 1537 1839 1607 Videntes
1888 1548 2159 1607 autem!
2208 1537 2324 1629 qui
2367 1537 2654 1605 aderant

523 1643 827 1712 mulieris
872 1644 1292 1735 angustiam,
1319 1645 1506 1734 jam*
1524 1668 1668 1736 prae
1694 1644 2045 1713 debilitate
2071 1644 2253 1736 loqui
2287 1644 2662 1736 siquidem!

526 1774 661 1818 non
699 1761 993 1841 poterat,
1038 1750 1124 1818 ad
1173 1775 1438 1819 murum
1491 1752 1825 1831 ecclesiae,
1869 1751 2122 1842 quietis
2163 1751 2417 1841 gratia,
2461 1751 2659 1819 detu-

525 1857 751 1926 lerunt
815 1881 965 1926 eam
989 1871 1061 1925 m.
1131 1861 1242 1927 32.
1289 1858 1449 1939 Ubi,
1514 1881 1720 1950 quum
1784 1857 2180 1949 aliquandiu
2242 1868 2660 1927 commorata

526 1965 1001 2045 sustinuisset,
1067 1966 1427 2034 recedente
1502 1966 1778 2046 sudore,
1850 1964 2082 2032 statim
2149 1965 2447 2033 surrexit
2497 1976 2565 2033 et
2589 1977 2650 2046 n,

526 2096 772 2141 manus
813 2096 894 2141 ac
930 2071 1172 2163 pedis⁰
1217 2072 1513 2141 sanitate
1552 2082 1897 2163 percepta,
1942 2074 2087 2140 Deo
2119 2072 2396 2163 gratias
2436 2096 2657 2164 agens

528 2179 841 2248 recessit.

615 2292 724 2358 33.
808 2286 1324 2374 Prosdocimal',
1405 2285 1748 2378 quondam
1829 2285 2170 2378 Maynerii
2242 2310 2415 2354 uxor
2445 2301 2502 2367 ¹1,
2572 2288 2658 2355 de

529 2395 922 2475 Noenta¹'‚
980 2417 1184 2462 manu
1239 2392 1527 2462 sinistra
1585 2403 1695 2462 et³
1747 2394 2079 2462 ambobus
2141 2392 2432 2485 pedibus
2496 2417 2658 2461 con-

526 2511 772 2583 tracta,
807 2501 894 2569 ad
934 2502 1118 2571 beati
1164 2502 1446 2571 Antonii
1487 2503 1817 2570 tumulum
1850 2502 1919 2569 in
1964 2501 2324 2569 mastello2
2363 2500 2659 2592 quodam

526 2610 753 2678 delata
792 2620 923 2678 est.
967 2612 1078 2680 34.
1114 2611 1310 2698 Quae,
1339 2633 1545 2701 quum
1578 2633 1783 2700 super
1820 2633 2051 2677 arcam
2083 2609 2351 2678 elevata
2382 2609 2654 2687 fuisset,

524 2741 647 2808 per
683 2716 869 2786 beati
909 2717 1190 2785 Antonii
1222 2717 1464 2785 merita
1503 2740 1662 2784 mox
1699 2716 1908 2807 pedes
1949 2717 2095 2808 ejus
2139 2716 2345 2785 erecti
2379 2728 2542 2784 sunt
2579 2739 2660 2785 ac

525 2824 838 2914 pristinis
888 2824 1132 2893 usibus
1191 2824 1535 2903 restituti;
1598 2846 1840 2892 manus
1887 2848 2053 2891 vero
2106 2825 2257 2915 ejus
2308 2824 2659 2914 paululum

527 2932 1061 3000 contremiscens
1095 2942 1332 3023 aperta
1361 2942 1470 3000 est
1503 2955 1584 2999 ac
1613 2930 1917 2998 demum²
1955 2941 2265 3013 extensa,
2289 2942 2390 3013 ut,
2419 2931 2660 2999 viden-

579 3158 626 3192 ει.
653 3146 787 3191 Paris
815 3146 1081 3203 effugiunt.
1102 3168 1156 3180 —-
1176 3148 1219 3191 b.
1242 3148 1431 3192 Ancone
1454 3158 1576 3192 omet
1597 3160 1648 3191 ce
1668 3146 1806 3192 detail
1826 3165 1837 3191 ι
1861 3159 1987 3203 quae,
2007 3158 2183 3203 quum,
2211 3151 2435 3203 tempore
2459 3148 2661 3201 messis,

529 3219 581 3262 in
618 3218 965 3275 episcopatum
1003 3220 1363 3263 Paduanorum
1403 3218 1634 3272 venisset,
1678 3222 1734 3263 ut
1774 3219 1944 3276 spicas
1982 3230 2092 3274 quae
2137 3220 2434 3264 metentium
2471 3230 2659 3265 manus

527 3291 818 3347 effuyerent,
847 3302 985 3334 more
1002 3301 1307 3346 pauperum,
1329 3290 1600 3346 colliyeret.
1621 3314 1674 3323 —
1703 3303 1745 3336 c.
1776 3290 1889 3337 Pad.
1911 3301 1955 3335 et
1979 3290 2114 3335 Paris
2142 3290 2371 3336 audiens.
2393 3313 2445 3324 —
2463 3291 2512 3335 d.
2544 3291 2651 3335 Alc.

526 3364 607 3407 286
626 3362 826 3408 Padum.
855 3361 987 3406 Paris
1012 3362 1077 3405 ad
1106 3361 1289 3406 locum.
1308 3384 1364 3396 —
1386 3375 1427 3406 e.
1452 3362 1586 3406 Paris
1612 3362 1874 3418 attinflere.
1907 3385 1961 3395 —
1989 3362 2026 3418 Ῑ.
2050 3362 2185 3407 Paris
2204 3362 2332 3417 jnm.
2369 3385 2422 3396 —
2450 3376 2497 3419 9.
2524 3362 2659 3407 Paris

528 3435 630 3479 add.
654 3437 723 3478 ut.
744 3456 796 3467 —
825 3434 874 3477 h.
900 3433 1035 3477 Paris
1051 3433 1288 3488 porrexit.
1320 3456 1375 3466 —
1400 3433 1432 3479 i.
1465 3433 1600 3477 Paris
1618 3434 1720 3477 add.
1747 3437 1809 3478 et.
1834 3455 1888 3466 —
1908 3433 1949 3489 j.
1983 3433 2118 3478 Paris
2151 3435 2335 3489 itaque.
2359 3456 2413 3467 —
2439 3434 2484 3477 h.
2523 3435 2656 3487 Luc„

530 3506 660 3560 Pad„
698 3504 832 3549 Paris
852 3504 965 3559 J‘am
1000 3504 1153 3547 enim.
1173 3526 1227 3536 —
1261 3504 1292 3548 l.
1321 3503 1455 3558 Luc„
1487 3504 1619 3557 Pad„
1651 3504 1784 3548 Paris
1806 3518 1895 3549 om.
1915 3504 2187 3560 siquidem.
2211 3527 2265 3538 —
2287 3516 2356 3549 m.
2381 3505 2513 3549 Paris
2544 3518 2658 3550 eam

526 3577 829 3621 detulerunt.
851 3597 908 3610 —
930 3588 979 3620 n.
1004 3575 1115 3621 Pad.
1142 3587 1216 3620 ac.
1250 3588 1362 3621 —o.
1389 3576 1524 3620 Paris
1548 3587 1733 3621 manus
1754 3580 1799 3619 et
1817 3577 1970 3632 pedes
2002 3576 2250 3621 relaxans.
2282 3598 2336 3609 —
2366 3590 2419 3633 p.
2443 3578 2548 3621 Alc.
2578 3578 2660 3623 286

528 3648 859 3703 Proseptimu.
894 3647 1007 3691 Luc.
1049 3647 1282 3703 Siquam.
1310 3647 1655 3692 Prosdocima.
1680 3671 1734 3680 —
1761 3660 1808 3702 q.
1838 3649 1943 3692 Alc.
1973 3648 2054 3693 286
2094 3648 2352 3703 quondam
2385 3647 2662 3693 Mainnerii

524 3731 669 3764 uxor.
692 3719 800 3763 Nat.
830 3718 959 3764 14363
981 3720 1239 3773 quondam
1258 3730 1387 3763 uxor
1406 3718 1659 3764 Mamerti.
1683 3718 1798 3762 Luc.
1825 3719 2083 3773 quondam
2108 3719 2342 3763 Mavierii
2369 3732 2511 3763 uxor.
2538 3721 2660 3764 Aue.

525 3803 655 3836 uxor
685 3792 941 3845 quondam
982 3789 1234 3834 Mainerii.
1263 3812 1315 3824 -
1340 3803 1381 3834 r.
1418 3791 1522 3834 Ate.
1548 3791 1629 3836 286
1652 3791 1878 3836 donet-ta.
1914 3791 2047 3835 Puris
2071 3791 2133 3835 de
2162 3791 2417 3837 Noendra.
2447 3792 2564 3836 Anc.
2596 3793 2659 3836 de

526 3863 748 3908 Nocrite.
769 3886 822 3895 —
845 3874 887 3907 s.
907 3862 1014 3906 Alc.
1034 3862 1113 3908 286
1137 3861 1204 3907 in.
1229 3884 1281 3895 —
1307 3864 1340 3907 t.
1373 3861 1508 3906 Paris
1534 3861 1730 3907 deinde.

590 4055 634 4101 1.
661 4053 897 4113 Noenta,
926 4051 1007 4102 dit
1036 4052 1085 4103 lc
1118 4052 1176 4102 P.
1208 4053 1343 4103 Josa
1367 4051 1683 4117 (Leg.,etc.‚
1717 4067 1768 4117 p.
1802 4054 1902 4117 47),
1933 4056 2113 4103 estun
2143 4052 2346 4117 village
2376 4053 2554 4103 voisin
2588 4054 2658 4103 de

526 4131 644 4181 Pad
686 4146 719 4181 u
761 4171 771 4183 .

589 4146 995 4263 zoblzscellum
1024 4228 1035 4263 ε
1065 4215 1214 4264 sorte
1245 4213 1313 4264 de
1354 4213 1434 4275 lit,
1465 4227 1537 4264 ou
1569 4213 1748 4278 plutot
1791 4213 1859 4265 de
1888 4215 2086 4275 (misse,
2122 4228 2189 4264 en
2231 4215 2401 4264 forme
2433 4214 2500 4265 de
2531 4214 2658 4265 bai-

528 4293 736 4355 gnoire.
766 4319 828 4329 —
858 4292 942 4343 Cf.
976 4293 1060 4344 Du
1092 4292 1307 4357 CANGE,
1343 4294 1707 4357 Glossarium,
1736 4297 1840 4345 etc.
