3109 4950
487 408 576 475 60
951 427 1011 475 S.
1066 425 1353 473 immun
1405 425 1728 473 mosum
1777 426 2019 485 ptum,
2073 407 2159 472 20

487 566 685 658 quasi
709 589 919 634 unum
941 588 1023 633 ex
1051 565 1367 646 mortuiS,
1394 565 1579 634 luctu
1608 564 2084 657 prosequimur
2114 587 2312 657 quem
2343 564 2622 633 immor-

483 673 749 742 talitate
771 673 1017 741 fretum
1042 672 1358 741 concives
1380 672 1610 765 angeli
1633 672 1986 765 gaudent‘¹
2009 672 2080 739 in
2104 672 2289 741 eaelis
2316 676 2344 740 ?
2370 679 2434 742 5.
2463 674 2620 742 Uni-

486 803 638 849 cum
673 789 942 848 tantum
982 790 1299 870 superest
1339 804 1547 872 aegrae
1596 779 2053 871 separationis
2101 779 2355 871 hujus⁶
2395 804 2613 847 reme-

486 887 697 967 dium,
739 896 838 967 ut,
872 886 988 978 qui
1019 886 1441 977 corporalem
1479 886 1801 955 exhibere
1842 887 2282 976 praesentiam
2313 887 2620 978 prohibi-

484 1003 600 1061 tus
639 1003 747 1061 est
782 993 1010 1080 vivm,
1054 1003 1328 1061 maneat
1366 993 1764 1061 nobiscum⁶
1789 994 1899 1061 vel
1948 992 2334 1062 defunctus.
2371 998 2437 1064 6.
2484 994 2618 1063 Sed

489 1100 614 1168 hoc
630 1101 691 1180 d,
733 1100 1072 1191 inquiunt,
1120 1123 1414 1191 quonam
1455 1100 1656 1168 modo
1695 1100 1843 1168 fieri
1890 1104 2213 1191 poteste?
2252 1104 2401 1169 Non
2442 1101 2620 1168 enim

487 1207 827 1275 credimus
867 1206 1047 1298 quod
1077 1207 1353 1285 fratreS,
1396 1206 1511 1298 qui
1550 1206 1698 1275 ads
1729 1207 2100 1275 australem
2141 1206 2441 1275 civitatis
2481 1208 2619 1298 pla·

488 1327 703 1407 gam&r
754 1324 1280 1394 commorantur,
1323 1314 1868 1382 sacratissimum
1905 1313 2091 1381 beati
2142 1314 2426 1383 Antonii
2470 1337 2624 1381 cor·

484 1445 615 1512 pus
636 1443 912 1489 manere
942 1420 1351 1489 nobiscum'⁸
1395 1421 1810 1501 sustineant,
1854 1420 2030 1487 nisit·
2066 1421 2239 1489 sorte
2287 1421 2618 1512 majorum

483 1527 801 1618 precibus
831 1527 1070 1595 ducti!⁸
1099 1527 1239 1618 juri
1280 1551 1404 1595 suo
1444 1526 1980 1595 misericorditer
2008 1526 2278 1595 cedant.

575 1638 638 1704 7.
683 1634 1044 1703 Mittamus
1070 1658 1238 1725 ergo
1269 1634 1383 1725 qui
1423 1635 1721 1725 majores
1763 1633 2090 1714 civitatiS,
2125 1633 2493 1725 religiosos
2538 1659 2616 1702 ac

482 1741 789 1832 potentia
846 1740 1159 1810 saeculari
1215 1741 1508 1821 nobiles,
1563 1765 1647 1809 ex
1698 1751 1893 1832 parte
1946 1751 2186 1809 nostra
2242 1740 2611 1832 precibus*

482 1848 757 1927 adeant,
801 1858 901 1931 ut,
945 1848 1144 1941 quasi
1202 1848 1350 1917 sine
1403 1848 1631 1936 nobis,
1675 1848 1762 1917 ad
1814 1846 2198 1917 habendum
2253 1871 2406 1916 cum
2448 1871 2617 1939 pace

484 1957 772 2024 fratrum
798 1958 819 1999 ἱ
837 1955 1018 2047 quod
1038 1956 1282 2023 devote
1303 1956 1676 2047 poscimuS,
1713 1955 1913 2023 simul
1934 1979 2171 2023 omnes
2192 1979 2314 2047 pro
2345 1955 2544 2024 nobis
2575 1969 2623 1998 '²‘

485 2063 859 2131 elaborent.
902 2066 969 2131 8.
1014 2061 1215 2150 Quod
1256 2073 1321 2131 et
1352 2063 1605 2131 sactum
1646 2073 1774 2130 est.
1821 2061 2003 2151 Quid
2043 2063 2312 2131 multa?
2350 2062 2614 2131 Omnes

484 2170 790 2238 unanimi
828 2170 1205 2238 voluntatis
1229 2184 1261 2213 '⁸
1301 2193 1643 2237 consensu
1682 2169 2080 2237 ancillarum
2134 2168 2397 2238 Christi
2435 2171 2618 2237 votis

488 2286 796 2345 annuunt
835 2286 902 2345 et
932 2276 1314 2345 subsidium
1354 2277 1529 2345 serre
1571 2276 1719 2344 sine
1758 2275 2294 2345 contradictione
2332 2276 2620 2367 promit·

484 2393 663 2451 tunt.

489 2804 608 2863 20.
664 2802 1010 2875 Qualiter
1037 2803 1248 2864 cives
1293 2802 1587 2875 capitis
1633 2802 1890 2863 Pontis
1917 2803 2366 2863 restiterunt
2385 2808 2415 2841 ⁰
2465 2803 2622 2861 rra-

605 2900 855 2961 tribus
885 2915 1159 2973 corpus
1191 2903 1359 2974 ejus
1388 2904 1489 2962 ad
1516 2901 1759 2961 locum
1791 2914 2004 2961 suum
2031 2905 2342 2973 portare
2372 2902 2621 2974 dispo-

609 2998 960 3059 nentibus
983 3007 1040 3059 Ρ.

587 3321 647 3385 1.
700 3316 1072 3388 Venientes
1113 3316 1326 3406 igitur
1376 3314 1463 3383 ad
1503 3315 1763 3384 Cellam
1805 3316 2077 3395 fratreS,
2121 3316 2236 3406 qui
2279 3315 2365 3384 ad
2406 3316 2621 3384 eccle-

493 3424 667 3492 siam
722 3435 979 3493 sanctae
1038 3423 1215 3491 Dei‘l
1264 3422 1621 3514 genitricis
1675 3422 2012 3502 habitant,
2075 3424 2619 3492 sacratissimum

491 3532 676 3599 beati
716 3531 997 3599 Antonii
1029 3554 1277 3620 corpus
1304 3530 1389 3597 ad
1422 3529 1642 3598 locum
1669 3552 1867 3597 suum
1905 3530 2281 3598 transferre
2306 3529 2617 3621 dispone-

544 3805 590 3837 a.
617 3791 734 3836 Luc.
770 3793 1042 3848 madeant.
1079 3812 1132 3825 -
1172 3789 1216 3834 b.
1242 3789 1376 3834 Paris
1403 3801 1493 3833 om.
1517 3788 1687 3843 hujus.
1720 3810 1772 3824 —
1804 3802 1845 3834 c.
1877 3788 2012 3834 Puris
2039 3789 2302 3835 nobiscum
2336 3792 2624 3835 maneat.—

492 3866 540 3910 d.
562 3864 667 3909 Ale.
683 3865 780 3916 286,
802 3864 905 3908 Alc.
926 3864 1022 3916 203,
1040 3863 1155 3908 Luc.
1178 3872 1223 3906 ct
1240 3862 1374 3906 Paris
1393 3862 1512 3905 haze.
1535 3885 1589 3898 -
1607 3873 1649 3905 e.
1673 3860 1810 3904 Paris
1824 3861 1942 3915 quia
1959 3872 2059 3904 non
2077 3862 2224 3905 modo
2239 3860 2348 3915 ficri
2369 3864 2621 3916 poterunt.

491 3960 544 3970 —
561 3934 597 3990 Ι.
624 3935 756 3979 Paris
773 3947 863 3979 om.
880 3937 959 3979 ad.
977 3957 1030 3967 —
1044 3948 1090 3990 9.
1116 3934 1249 3978 Paris
1272 3935 1474 3989 planam
1497 3933 1733 3977 civitatis.
1751 3954 1804 3964 —
1822 3932 1872 3975 h.
1891 3932 1994 3975 Alc.
2017 3934 2097 3977 ‘203
2119 3932 2380 3977 nobiccum
2402 3943 2621 3976 manere.

498 4007 629 4052 Puris
652 4006 1033 4051 sanctissimam
1061 4005 1218 4061 hujus
1239 4004 1367 4049 bcalt'
1394 4004 1489 4048 riri
1518 4004 1717 4058 alebam
1749 4003 2013 4047 nobiscum
2049 4015 2267 4047 manere.
2289 4033 2338 4041 -
2362 4002 2392 4046 ι’.
2420 4003 2525 4047 Alc.
2545 4006 2624 4047 ‘2113

498 4078 642 4123 nihil.
664 4099 715 4111 —
744 4078 787 4132 j.
810 4077 942 4121 Paris
961 4077 1158 4121 αευὶσιὶ.
1181 4092 1230 4104 -
1263 4076 1308 4119 k.
1340 4075 1472 4119 Paris
1489 4076 1725 4130 precibus
1758 4078 1930 4119 nostra
1950 4086 2009 4118 cx
2038 4076 2196 4130 parte.
2217 4094 2269 4107 -
2293 4074 2324 4117 1.
2347 4073 2453 4118 Alc.
2474 4075 2553 4119 ‘286
2578 4084 2623 4117 et

492 4151 598 4195 Alc.
618 4150 700 4194 203
727 4150 956 4205 fratrem.
978 4168 1031 4182 —
1052 4160 1117 4193 m.
1148 4147 1282 4192 Paris
1311 4147 1590 4191 nobiscum.
1612 4169 1666 4182 -
1682 4160 1729 4190 u.
1755 4146 1858 4191 Alc.
1878 4147 1959 4191 ‘286
1976 4156 2022 4190 ct
2040 4146 2143 4189 Alc.
2164 4146 2244 4189 ‘293
2273 4144 2544 4190 voluntale.
2569 4168 2624 4177 —

490 4234 534 4265 o.
563 4221 669 4265 Alc.
692 4222 772 4266 286
794 4220 1139 4266 restituerunt.
1167 4229 1282 4274 —p.
1307 4217 1442 4262 Paris
1476 4231 1567 4262 om.
1589 4218 1632 4262 le
1653 4218 1772 4262 titre.
1797 4238 1849 4251 -
1875 4229 1920 4273 q.
1956 4218 2061 4261 Alc.
2096 4219 2178 4264 286
2200 4226 2244 4261 οι
2276 4217 2380 4260 Alc.
2419 4218 2501 4261 293
2529 4229 2621 4261 om.

496 4292 603 4339 Dei.
