3109 4950
920 440 980 485 s,
1033 438 1321 485 Axi-roan
1370 438 1697 485 mosum
1744 437 1987 497 raim,
2045 418 2124 486 17
2503 420 2588 485 55

448 578 718 659 valens,
769 579 1169 646 stramentis
1196 602 1271 647 se
1300 577 1557 664 lectuli,
1594 577 1950 669 cujusdam
1976 577 2370 669 precibusss,
2403 576 2588 645 incli-

449 685 671 754 navit.

540 798 605 862 5.
643 793 962 863 Sentiens
995 793 1207 885 igitur
1237 817 1482 860 servus
1516 792 1642 860 Dei
1685 791 2029 860 Antonius
2068 791 2590 860 dissolutionem

450 899 607 968 suil'
646 901 953 991 corporis
994 900 1370 977 imminere,
1423 909 1709 967 evocato
1749 898 1836 968 ad
1877 923 1952 966 se
1991 899 2290 989 quodam
2328 899 2412 967 de
2451 899 2589 966 sra-

448 1008 673 1076 tribus
726 1018 795 1075 et
846 1007 1185 1076 consociis
1226 1007 1373 1075 suis
1412 1007 1685 1075 nomine
1711 1019 1738 1050 ⁶
1771 1007 2096 1097 RogeriO,
2139 1004 2311 1074 dixit
2358 1005 2468 1074 ei:
2512 1006 2586 1075 Si

448 1113 779 1191 consulis,
835 1114 1071 1191 frater,
1113 1137 1240 1205 pro
1281 1113 1622 1181 vitandod
1651 1114 1938 1181 fratrum
1989 1113 2278 1181 istorum
2331 1136 2587 1204 grava-

448 1221 657 1302 mine,
696 1221 877 1288 vado
919 1222 1221 1290 Paduam
1251 1220 1337 1288 ad
1377 1220 1597 1289 locum
1647 1230 1906 1288 sanctae
1963 1219 2225 1288 Mariae.
2271 1223 2337 1290 6.
2383 1218 2584 1308 Quod

448 1352 658 1419 quum
704 1328 916 1395 frater
961 1352 1369 1419 persuasum
1424 1327 1728 1409 haberet,
1767 1328 2006 1418 juncto
2055 1351 2284 1405 curru,
2335 1338 2583 1417 patere

448 1445 733 1503 sanctus
771 1435 1167 1527 imponitur,
1187 1434 1516 1503 fratribus
1547 1434 1675 1503 loci
1695 1458 1816 1524 pro
1843 1458 2048 1524 posse
2073 1433 2585 1502 renitentibus!

446 1566 533 1609 ne
572 1541 659 1609 ad
689 1542 910 1609 locum
933 1542 1222 1609 alterum
1249 1540 1653 1609 deferretur.
1692 1545 1755 1611 7.
1791 1541 2022 1630 Quia8
2063 1551 2293 1609 tamen
2321 1541 2584 1610 beatis-

446 1648 697 1716 simum
765 1648 1139 1716 Antonium
1197 1648 1321 1716 boc
1346 1648 1375 1691 '⁸
1431 1649 1608 1716 velle
1675 1649 2071 1728 cernebant,
2140 1648 2335 1717 inviti
2400 1649 2582 1717 sacto

444 1766 808 1824 cesserunt
833 1756 874 1823 ¹'.
928 1759 995 1824 8.
1033 1757 1392 1847 Quumque
1426 1756 1571 1845 jam
1619 1755 2244 1847 appropinquasset
2290 1755 2579 1833 civitati,

443 1862 744 1931 occurrit
781 1862 842 1929 ei
874 1863 1088 1930 frater
1122 1865 1407 1931 Innotus
1432 1863 1485 1941 Ι,
1519 1863 1637 1954 qui
1674 1862 2004 1930 visitandi
2045 1862 2273 1953 gratia
2310 1863 2457 1930 ibat
2495 1862 2581 1929 ad

440 1970 669 2037 virum
689 1969 813 2038 Dei
836 1994 852 2051 3
887 1993 1087 2060 quem
1118 1993 1322 2060 quum
1346 1969 1555 2038 nimia
1575 1970 1971 2038 infirmitate
1993 1979 2303 2038 cerneret
2323 1992 2583 2061 aggra-

441 2087 710 2149 vatum,
743 2100 992 2167 rogare
1024 2077 1228 2167 coepit
1257 2085 1332 2143 ut
1361 2075 1449 2144 ad
1480 2076 1743 2145 Cellam
1791 2076 2162 2144 diverteret
2207 2076 2278 2143 in
2308 2076 2582 2143 domum

442 2183 756 2251 fratrum.
824 2186 1043 2251 Erant
1090 2183 1267 2250 enim
1319 2183 1413 2250 ibi
1480 2183 1756 2259 fratres,
1811 2207 2025 2274 prope
2091 2183 2581 2250 monasterium

444 2291 892 2358 Dominarum
933 2294 1316 2380 Pauperum
1348 2301 1846 2358 commorantes
1878 2300 1970 2366 et,
1987 2291 2183 2381 juxta
2224 2302 2580 2358 consuetu·

442 2395 673 2465 dinem
716 2397 1005 2474 ordinis,
1049 2397 1281 2465 divina
1320 2397 1508 2464 illis*
1563 2398 2064 2465 ministrantes.
2099 2401 2165 2466 9.
2211 2397 2583 2489 Allegabat

441 2505 729 2596 proinde
759 2504 985 2572 dictus
1015 2505 1228 2572 frater
1254 2505 1620 2573 tumultum
1659 2529 1985 2597 magnum
2025 2515 2092 2573 et
2121 2505 2581 2573 turbationem

439 2636 579 2680 non
619 2635 901 2702 parvam
940 2612 1085 2679 so're
1128 2612 1198 2678 in
1240 2612 1388 2680 loco
1436 2612 1752 2692 fratrum,
1812 2612 2103 2680 maxime
2156 2612 2341 2703 quia,
2398 2612 2582 2680 intra

440 2719 791 2787 civitatem
843 2718 1077 2809 positi,
1131 2719 1565 2787 saecularium
1624 2731 2128 2810 exponerentur
2177 2719 2581 2810 importunae

440 2826 879 2893 concursioni
902 2828 945 2891 l.
986 2829 1092 2894 10.
1136 2825 1445 2893 Audiens
1485 2836 1715 2894 autem
1747 2826 1892 2895 haec
1919 2851 2164 2894 servus
2198 2826 2322 2895 Dei
2364 2828 2583 2894 Anto-

440 2933 601 2999 nius
640 2933 959 3024 precibus
993 2932 1447 3023 supplicantis
1481 2934 1722 3001 annuit
1751 2943 1844 3014 et,
1873 2933 2057 3001 votis
2088 2934 2236 3024 ejus
2270 2933 2583 3025 acquies-

442 3063 636 3118 cens,
682 3039 769 3106 ad
807 3038 1029 3106 locum
1069 3039 1373 3108 divertit.

538 3149 645 3214 11.
683 3147 898 3214 Servo
924 3145 1137 3238 igitur
1157 3161 1203 3189 m
1233 3146 1358 3214 Dei
1379 3147 1680 3215 Antonio
1709 3147 1779 3215 in
1802 3148 1994 3217 Cella
2017 3160 2048 3191 '²
2072 3172 2223 3215 cum
2252 3148 2581 3216 fratribus

442 3252 846 3332 constituto,
880 3263 1272 3345 aggravata
1304 3264 1411 3321 est
1442 3278 1649 3344 super
1681 3279 1835 3322 eum
1875 3278 2119 3323 manus
2154 3255 2278 3323 Dei
2303 3269 2359 3334 ⁰,
2395 3279 2581 3323 cres-

443 3370 776 3450 centeque
805 3359 1278 3428 vehementius
1331 3360 1751 3441 infirmitate,
1806 3385 1939 3428 non
1977 3361 2339 3429 mediocris
2380 3361 2582 3451 signa

441 3467 657 3534 dabat
709 3466 1119 3548 anxietatis;
1189 3491 1529 3558 quumque
1594 3468 1923 3558 temporis
1982 3468 2303 3536 modico)D
2358 3469 2583 3559 spatio

495 3746 541 3778 a.
574 3733 712 3777 Puris
735 3732 910 3778 lectuli
940 3732 1211 3788 cujusdam
1237 3747 1290 3778 se
1326 3735 1579 3791 precibus.
1607 3737 1715 3779 Ass.
1743 3737 1807 3780 ad
1841 3736 2110 3791 cujusdam
2150 3749 2340 3793 preces.
2365 3737 2468 3782 Alc.
2489 3738 2585 3790 ⁶293,

442 3805 553 3849 Nat.
592 3805 741 3852 14:³63.
780 3804 917 3856 Luc..
954 3805 1066 3849 Pad.
1102 3818 1345 3862 praeccps.
1376 3830 1429 3839 —
1460 3808 1503 3851 b.
1530 3807 1666 3851 Paris
1694 3821 1783 3852 om.
1822 3809 1921 3852 sui.
1950 3832 2003 3841 —
2036 3821 2079 3853 c.
2101 3810 2206 3852 Alc.
2233 3809 2329 3860 286.
2350 3810 2455 3854 Alc.
2489 3811 2585 3862 293,

441 3878 553 3919 Ass.
570 3889 662 3920 om.
686 3876 908 3920 nomine.
930 3900 982 3909 —
1004 3877 1052 3921 d.
1077 3878 1182 3922 Alc.
1206 3879 1287 3922 ‘286
1311 3888 1356 3921 et
1376 3879 1481 3922 Alc.
1505 3878 1585 3923 293
1606 3880 1856 3924 evitando.
1879 3903 1930 3911 -
1958 3892 1998 3923 c.
2022 3881 2127 3924 Alc.
2151 3881 2231 3925 ‘293
2251 3892 2410 3935 quum
2423 3885 2584 3937 pater.

441 3970 496 3979 -
518 3948 554 4003 s.
578 3948 684 3991 Alc.
714 3949 797 3991 286
843 3947 1189 3993 retinentibus.
1224 3972 1277 3981 -
1309 3962 1358 4004 ῃ.
1382 3948 1499 3994 Luc.
1527 3951 1678 4004 quod.
1701 3975 1753 3983 —
1787 3953 1834 3994 h.
1863 3952 1996 3995 Paris
2024 3953 2143 3996 haec.
2179 3974 2231 3984 —
2258 3952 2286 3995 i.
2310 3950 2424 3996 Luc.
2453 3952 2587 4007 sacto

444 4021 820 4063 concesserunt.
848 4020 959 4063 Ass.
984 4028 1028 4062 ct
1051 4019 1160 4063 Pad.
1192 4025 1367 4064 sancto
1388 4025 1760 4067 concesserunt.
1787 4047 1839 4054 —
1853 4022 1894 4076 j.
1916 4023 1982 4067 Ce
2003 4033 2093 4066 mot
2113 4023 2236 4066 varie
2253 4025 2588 4078 passablement

444 4090 625 4133 suivant
650 4092 722 4133 les
756 4089 892 4133 nm:
920 4091 1022 4133 Alc.
1047 4091 1126 4135 286
1147 4103 1189 4134 ct
1210 4092 1316 4136 Alc.
1339 4093 1420 4136 ‘293
1440 4092 1666 4136 Innocua.
1693 4093 1800 4136 Nat.
1825 4094 1953 4138 14363
1977 4104 2022 4137 et
2057 4094 2189 4137 Paris
2222 4094 2444 4148 lqnotus.
2469 4094 2584 4139 Luc.

446 4160 674 4204 Binotus.
714 4160 826 4204 Pan.
862 4170 907 4204 et
944 4162 1055 4204 Ass.
1100 4161 1327 4206 Vinoeus.
1362 4186 1414 4194 —
1449 4163 1496 4207 k.
1523 4164 1628 4206 Ale.
1654 4164 1733 4208 ‘293
1761 4164 2166 4210 {1111d.—1.Luc.
2197 4166 2438 4209 cursioni.
2473 4166 2583 4210 Pad.

448 4230 747 4276 incursioni.
768 4255 823 4263 —-
843 4243 911 4276 m.
938 4231 1074 4275 Paris
1108 4233 1263 4288 iqitur
1281 4244 1441 4277 servo.
1462 4258 1514 4266 -
1534 4247 1585 4279 n.
1612 4235 1716 4279 Alc.
1738 4236 2029 4281 293ce110m.
2046 4260 2098 4269 —
2127 4249 2170 4281 o.
2197 4237 2330 4281 Paris
2363 4239 2583 4284 Domini.

448 4324 502 4335 -—
530 4314 581 4358 p.
613 4303 748 4358 Luc„
782 4302 917 4356 Pad„
951 4302 1086 4348 Paris
1118 4305 1318 4350 modico
1356 4307 1615 4363 temporis.
