3109 4950
526 429 655 495 218
882 447 942 494 s,
996 446 1285 494 Aaronn
1334 448 1659 496 Laesum
1710 454 1745 490 (ι
1789 448 2210 495 nsmcmus
2253 454 2288 490 >2

1539 907 1659 1006 Ν,

619 1234 677 1299 1.
733 1231 958 1317 Quum
1008 1230 1187 1297 enim
1235 1229 1322 1299 ad
1365 1230 1547 1298 servi
1590 1230 1714 1297 Dei
1755 1230 2306 1320 praedicationem
2361 1231 2656 1322 populus

523 1337 846 1428 undique,
923 1338 1112 1405 velut
1168 1336 1551 1428 pluviarum
1612 1348 1854 1429 guttae,
1915 1337 2180 1429 jugiter
2256 1339 2650 1419 conflueret,

525 1445 914 1513 nullatenus
973 1454 1203 1513 tamen
1268 1445 1632 1512 clamorem
1700 1469 1775 1512 se
1849 1444 2373 1536 exprimentium
2429 1469 2654 1536 perce-

521 1553 774 1644 pisses.
825 1555 891 1620 2.
937 1555 1292 1643 Nusquam
1331 1550 1634 1619 vidisses
1683 1551 2206 1619 dissolutionem
2255 1562 2372 1619 aut
2409 1552 2651 1638 risum,

524 1684 659 1727 non
709 1659 1002 1750 aliquem
1042 1681 1193 1728 cum
1232 1683 1357 1726 suo
1399 1659 1780 1750 propinquo
1818 1658 2032 1726 verba
2071 1659 2496 1738 miscentem,
2529 1683 2653 1726 seu

522 1766 929 1835 infantulum
981 1766 1389 1858 plorantem,
1450 1790 1572 1833 seu
1628 1766 2015 1857 quempiam
2077 1790 2271 1834 suam
2322 1765 2654 1858 praedica-

526 1875 777 1943 tionem
824 1874 934 1941 vel
978 1873 1047 1940 in
1088 1872 1355 1941 modico
1396 1873 1938 1965 perturbantem.

612 1986 675 2051 3.
735 1981 1027 2051 Stabant
1069 2004 1305 2048 omnes
1357 1980 1457 2048 sic
1497 1979 1792 2061 attoniti,
1839 2004 2118 2048 servum
2159 1980 2434 2048 Domini
2480 1980 2652 2048 irre-

521 2088 907 2157 verberatis
947 2088 1207 2179 absque
1245 2087 1756 2155 intermissione
1796 2087 2166 2155 luminibus
2197 2087 2654 2179 contemplan-

523 2207 655 2275 teS,
710 2196 894 2263 omni
934 2219 1218 2286 prorsus
1258 2195 1456 2286 pulsa
1508 2183 1848 2274 molestia,
1909 2194 2353 2262 devotissime
2397 2194 2654 2285 pariter

526 2303 975 2382 sustinentes,
1017 2311 1342 2394 tanquam
1379 2301 1438 2369 si
1468 2325 1646 2369 unus
1678 2301 1760 2368 de
1802 2301 2159 2392 spiritibus
2195 2301 2529 2391 angelicis
2569 2300 2653 2368 de

525 2411 694 2479 coelo
756 2408 1232 2478 descendisset
1279 2420 1369 2491 et,
1425 2409 1574 2478 loco
1631 2408 1877 2500 ipsius,
1929 2419 2138 2477 tantae
2187 2407 2279 2476 ibi
2335 2407 2653 2477 adunatae

524 2517 942 2586 multitudini
984 2521 1136 2600 [146
1174 2542 1213 2585 a
1260 2521 1316 2601 1]
1356 2517 1827 2608 praedicasset.

611 2628 677 2694 4.
733 2628 873 2693 Nec
938 2623 1209 2704 mirum,
1267 2648 1475 2714 quum
1540 2628 1725 2692 Deus
1787 2633 1980 2691 tanta
2052 2647 2203 2691 eum
2279 2622 2657 2715 perfuderit

524 2732 753 2824 gratia
815 2731 996 2824 quod
1049 2742 1116 2799 et
1173 2730 1409 2817 lingua
1477 2755 1627 2812 sua,
1684 2730 1975 2798 facunda
2033 2741 2101 2798 et
2159 2730 2651 2810 disertissima,

522 2864 689 2909 voce
742 2839 928 2907 clara
983 2849 1051 2906 et
1111 2838 1603 2929 placidissima,
1656 2837 2223 2930 quemadmodum
2273 2838 2438 2906 tuba
2493 2838 2652 2917 Dei,

524 2948 612 3016 ab
652 2946 967 3015 omnibus
1022 2945 1426 3014 audiebatur
1470 2956 1537 3013 et
1589 2945 2126 3035 intelligebatur.
2172 2951 2235 3014 5.
2280 2948 2372 3014 Et
2409 2945 2656 3012 mirum

522 3052 748 3134 valde,
795 3077 1002 3146 quum
1041 3053 1125 3121 de
1189 3063 1330 3120 tam
1380 3053 1661 3121 remotis
1703 3052 2015 3144 partibus
2057 3053 2385 3121 traxisset
2440 3052 2655 3144 origi-

525 3186 677 3230 nem
708 3172 775 3229 et
802 3161 1052 3229 ibidem
1081 3161 1291 3252 longo
1329 3161 1577 3229 fuisset
1613 3170 1917 3251 tempore
1957 3160 2312 3239 educatus,
2345 3158 2653 3251 linguam

525 3281 754 3338 tamen
783 3268 1083 3337 italicam
1124 3268 1530 3360 loquebatur
1569 3267 1840 3359 politice
1886 3291 1964 3335 ac
2005 3267 2064 3334 si
2104 3290 2449 3357 nunquam
2488 3266 2655 3335 alibi

524 3376 969 3470 perstitisset.

588 3649 632 3697 1.
671 3645 748 3698 Ce
777 3647 1051 3710 fragment
1080 3647 1127 3696 N
1155 3649 1241 3697 est
1270 3646 1493 3711 indique
1514 3658 1726 3696 comme
1747 3645 1952 3696 devant
1981 3645 2097 3695 etre
2136 3644 2401 3696 intercaie
2430 3644 2570 3695 dans
2601 3645 2658 3696 ia

524 3726 861 3792 description
901 3739 1009 3791 que
1041 3727 1139 3777 fait
1167 3727 1221 3777 la
1250 3727 1483 3793 legenda
1509 3726 1694 3791 prima
1731 3725 1800 3775 de
1829 3726 2301 3790 l'empressemeni.
2328 3729 2383 3777 et
2425 3726 2494 3776 de
2531 3725 2662 3777 l'en-

526 3806 868 3858 thousiasme
897 3819 1032 3857 avec
1066 3807 1309 3871 lesqueis
1338 3808 1390 3857 la
1427 3807 1574 3858 ioule
1602 3821 1661 3857 se
1692 3808 1900 3870 poriait
1929 3821 2036 3857 aux
2080 3807 2454 3871 predications
2494 3806 2664 3856 d’An-

526 3888 674 3938 toine
698 3901 710 3949 ;
746 3887 1078 3938 c'est-a-dire
1108 3887 1249 3937 dans
1284 3887 1335 3936 le
1366 3887 1617 3951 chapitre
1647 3899 1658 3934 τ
1685 3886 1768 3936 De
1790 3884 2073 3939 devotione
2095 3888 2289 3953 populi
2314 3886 2580 3939 Paduani
2605 3890 2661 3937 et

523 3969 711 4030 fructa
727 3967 1144 4032 praedicalionis
1165 3968 1283 4030 ejas
1304 3967 1425 4031 (Ms.
1457 3967 1615 4016 Paris
1647 3978 1659 4014 ε
1690 3966 1772 4017 De
1790 3968 2007 4032 fervore
2028 3967 2370 4019 audientiam
2392 3967 2661 4033 praedica-

527 4047 727 4097 cionem
761 4048 977 4112 ἱρείιιε),
1009 4051 1180 4098 avant
1212 4047 1265 4098 ia
1292 4048 1496 4113 phrase
1527 4046 1863 4098 stationarii
1900 4061 2128 4113 quoque.
2167 4049 2254 4109 (V.
2282 4062 2489 4113 supra:
2523 4048 2656 4114 Leg.

520 4126 725 4191 prima,
759 4129 834 4188 13,
868 4137 924 4177 η’
953 4130 1022 4187 8.)
