3109 4950
608 392 734 460 144
1151 413 1211 460 s,
1265 414 1554 460 An'rolm
1605 414 1928 460 Leonum
1975 414 2190 460 Pam».

789 756 851 811 1.
887 756 991 812 De
1023 754 1272 814 sancti
1303 754 1605 814 Antonii
1635 754 1973 814 Paduam
2020 755 2548 814 translatione.

692 994 751 1057 1.
832 991 1031 1074 Anno
1110 1015 1274 1057 vero
1354 989 1711 1058 dominicae
1786 990 2288 1058 Incarnationis
2367 991 2737 1059 millesimo

598 1097 1065 1165 ducentesimo
1128 1097 1563 1187 sexagesimo
1620 1097 1844 1180 terti0,
1909 1108 2274 1188 postquam
2334 1102 2478 1167 Deo
2534 1099 2736 1176 altis-

598 1203 795 1291 sim0‚
832 1204 1033 1294 hujus
1066 1204 1286 1271 sancti
1326 1204 1616 1291 meritiS,
1653 1205 1907 1295 placuit
1947 1204 2294 1272 civitatem
2334 1205 2734 1272 Paduanam

595 1312 856 1402 eripere
889 1310 970 1378 de
1007 1312 1135 1379 sub
1168 1312 1341 1403 jugo
1379 1311 1620 1402 perfidi
1643 1327 1674 1355 ‘²
1717 1311 2016 1379 Eccelini
2047 1311 2131 1380 de
2165 1316 2494 1391 Romam,
2525 1336 2733 1402 quam

595 1418 1046 1508 depopulatus
1090 1419 1310 1487 suerat
1350 1418 1520 1485 miro
1562 1417 1787 1499 mode,
1835 1418 2317 1510 cogitaverunt
2354 1419 2558 1487 iidem
2599 1421 2734 1487 Pa·—

594 1524 826 1603 duani,
871 1525 954 1592 de
998 1525 1360 1593 devotione
1399 1525 1485 1593 ad
1525 1525 1751 1616 ipsum
1801 1549 1934 1592 non
1989 1525 2252 1593 modica
2292 1525 2559 1607 fervidi,
2604 1549 2733 1616 pro

592 1642 783 1699 tanto
849 1643 1126 1723 accepto
1187 1632 1516 1701 beneficio
1568 1632 1787 1700 vicem
1843 1632 2215 1723 rependere
2273 1641 2512 1700 sancto
2571 1657 2726 1701 suc.

592 1742 658 1806 2.
698 1741 810 1816 Et,
847 1739 1253 1831 congregati
1285 1740 1608 1817 inunum,
1653 1750 2043 1807 statuerunt
2073 1740 2291 1807 eidem
2332 1750 2734 1807 construere

588 1845 1002 1914 ineffabilem
1042 1856 1108 1914 et
1148 1845 1626 1938 praegrandem
1686 1846 2044 1914 ecclesiam
2085 1870 2466 1938 corpusque
2507 1846 2732 1937 ipsius

588 1953 1128 2032 sanctissimum,
1173 1954 1242 2020 in
1274 1965 1459 2021 terra
1500 1953 1851 2021 humatum
1883 1964 1950 2021 et
1987 1953 2057 2020 in
2088 1954 2366 2045 pulvere
2396 1964 2730 2043 tanquam

588 2083 879 2150 egenum
929 2069 996 2127 et
1054 2060 1464 2140 mendicum,
1523 2059 1817 2128 ess'odere
1869 2070 1938 2128 et
1997 2060 2083 2127 ad
2123 2061 2309 2128 illam
2356 2060 2729 2128 honorifice

586 2166 1051 2234 collocandum
1097 2167 1497 2234 transferre.
1543 2170 1608 2235 3.
1646 2165 1941 2258 Quippe,
1987 2166 2166 2236 sicut
2202 2167 2318 2235 lux
2359 2191 2609 2260 magna
2653 2168 2726 2234 in

586 2273 730 2341 vita
772 2298 896 2341 sua
949 2274 1077 2343 toti
1112 2274 1247 2341 sere
1294 2274 1633 2341 claruerat
1679 2273 1957 2354 mund0‚
1993 2274 2092 2342 sic
2132 2285 2200 2342 et
2236 2285 2395 2364 post
2434 2284 2722 2342 mortem

588 2380 813 2447 altiori
878 2380 1361 2449 reconderetur
1415 2381 1698 2462 tumu10‚
1758 2404 1797 2448 a
1856 2380 2119 2450 cunctis
2176 2381 2493 2450 fidelibus
2548 2381 2723 2450 insi-

585 2489 814 2579 gniter
852 2488 1308 2556 venerandus,
1352 2491 1416 2555 4.
1455 2489 1590 2575 Qui
1634 2488 1896 2556 scilicet
1934 2490 2235 2557 tumulus
2274 2490 2384 2557 vel
2429 2513 2612 2571 arca,
2649 2490 2720 2557 in

584 2619 719 2686 qua
749 2619 830 2662 ex
868 2607 1029 2663 tunc
1070 2595 1459 2687 requiescit,
1494 2619 1616 2685 per
1655 2595 1811 2663 illos
1851 2607 2193 2688 martyres
2234 2597 2718 2666 sanctissimos

581 2702 893 2789 Quatuor
923 2705 1334 2784 Coronatos‚
1371 2702 1625 2771 dudum
1664 2702 1737 2770 in
1766 2704 2055 2772 ecclesia
2092 2703 2407 2796 insignes
2434 2714 2484 2791 ¹,
2519 2729 2718 2773 asse-

635 2920 679 2953 8.
712 2909 855 2953 Texte
880 2909 938 2953 du
966 2909 1056 2953 Ms.
1078 2909 1133 2952 de
1156 2908 1288 2953 Paris
1309 2909 1551 2965 perfidiae.

637 3065 682 3111 1.
721 3062 827 3112 Les
863 3079 886 3109 α
922 3062 1147 3121 Quatre.
1182 3063 1357 3112 saints
1387 3064 1694 3112 couronnes
1724 3078 1770 3124 ι),
1815 3064 2063 3114 enterres
2093 3063 2527 3127 primitivement
2570 3062 2714 3114 dans

574 3156 682 3193 une
710 3142 1032 3194 catacombe
1062 3142 1129 3192 de
1161 3143 1213 3192 la
1242 3142 1337 3192 via
1371 3142 1674 3203 Labicana,
1707 3142 1740 3192 a
1770 3143 1961 3206 Rome,
1998 3145 2253 3194 aur-aient
2281 3146 2368 3194 ete
2395 3145 2712 3207 martyr-{ses

577 3237 706 3273 sous
756 3222 1076 3273 Diocletien.
1122 3223 1267 3272 Leur
1310 3223 1537 3273 histoire
1581 3226 1668 3273 est
1710 3223 1818 3273 sort
1860 3223 2096 3273 obscure
2138 3226 2195 3274 et
2233 3224 2340 3274 sort
2373 3224 2709 3288 apocryphe.

577 3303 895 3353 C’auraient
914 3306 1000 3353 ete
1030 3306 1227 3368 quatre
1256 3318 1324 3353 ou
1348 3303 1529 3367 plutot
1559 3304 1685 3367 cinq
1716 3303 2014 3353 marbriers
2043 3302 2112 3354 de
2139 3304 2444 3365 Pannonia,
2467 3303 2602 3354 dont
2627 3303 2710 3354 les

575 3397 739 3448 corps
770 3384 1021 3433 auraient
1051 3386 1136 3433 ete
1169 3386 1459 3447 rapportes
1487 3384 1520 3433 a
1549 3383 1737 3433 Rome.
1773 3384 1858 3434 On
1884 3383 2165 3434 confondit
2196 3385 2412 3436 ensuite
2437 3398 2574 3435 avec
2602 3397 2708 3434 eux

575 3468 771 3528 quatre
817 3464 1030 3514 soldats
1078 3464 1145 3514 de
1190 3478 1345 3514 noms
1396 3465 1684 3526 inconnuS,
1733 3465 1835 3513 mis
1877 3464 1910 3514 a
1959 3467 2102 3515 mort
2142 3465 2177 3514 a
2214 3465 2385 3515 Rome
2427 3466 2622 3523 meme,
2651 3467 2708 3515 et

574 3544 740 3605 enfin,
773 3545 897 3609 plus
922 3559 993 3594 ou
1028 3546 1204 3595 moins
1234 3545 1405 3607 aussi,
1434 3546 1633 3609 quatre
1668 3546 1856 3593 autres
1898 3544 2108 3595 soldats
2144 3547 2397 3608 martyrS,
2443 3546 2702 3601 SeveruS,

576 3625 892 3685 Seven-inm,
934 3625 1331 3690 Carpophorus
1359 3628 1415 3675 et
1453 3625 1790 3685 VictorinuS,
1825 3627 2072 3675 enter-res
2101 3624 2134 3674 a
2165 3624 2403 3675 Albano,
2437 3624 2546 3675 Les
2574 3624 2707 3675 reli-

572 3719 709 3771 ques
734 3705 831 3755 des
860 3704 1002 3755 deux
1033 3707 1300 3770 premiers
1324 3719 1566 3770 groupes
1594 3705 1662 3755 de
1693 3706 1887 3766 samm,
1914 3718 2050 3755 ceux
2075 3704 2143 3755 de
2171 3705 2455 3755 Pannonio
2483 3707 2540 3755 et
2568 3718 2706 3755 ceux

570 3787 639 3836 de
660 3787 846 3843 Rome,
865 3786 1118 3836 auraient
1135 3788 1238 3846 ete,
1272 3800 1402 3836 sous
1432 3786 1581 3836 Leon
1612 3786 1707 3847 IV,
1738 3785 1975 3850 deposes
1996 3784 2135 3835 dans
2157 3785 2365 3847 l’egnse
2386 3784 2458 3835 du
2479 3784 2703 3845 Coelius,

569 3880 767 3916 encore
798 3866 1085 3927 existanto,
1118 3866 1229 3915 dite
1258 3866 1355 3915 des
1387 3866 1620 3933 Qnatlro
1645 3866 1897 3916 coronali
1927 3864 2033 3928 (Cr.
2058 3865 2141 3915 DE
2180 3865 2372 3926 ROSSI,
2403 3864 2706 3915 Ballettirzo

568 3947 629 3997 di
678 3947 832 3996 arc-le.
865 3947 1040 4006 crist„
1091 3946 1280 4007 Rome,
1329 3950 1468 4007 1879,
1517 3960 1570 4010 p.
1609 3948 1793 4009 45-90).
1823 3972 1884 3981 —
1926 3945 2112 4004 Quant
2156 3946 2190 3995 a
2235 3946 2546 3996 l'assertion
2595 3959 2705 4009 que

569 4027 736 4077 Parca
785 4040 856 4077 ou
898 4027 1262 4090 sarcophago.
1288 4027 1360 4077 ou
1392 4026 1575 4077 furent
1604 4026 1794 4090 places
1835 4024 1915 4074 les
1951 4030 2127 4076 restes
2165 4024 2234 4075 de
2265 4026 2411 4076 saint
2440 4026 2702 4083 Antoine,

566 4110 700 4157 elait
730 4107 949 4157 l’oeuvre
975 4107 1072 4157 des
1100 4108 1307 4165 Quatre
1339 4107 1513 4156 saints
1544 4107 1872 4166 couronne3‚
1906 4107 2038 4157 c'est
2067 4106 2120 4156 la
2143 4119 2251 4156 une
2281 4105 2447 4166 table,
2481 4106 2597 4169 qui,
2630 4120 2701 4155 on

564 4187 616 4237 le
646 4186 965 4252 comprend,
995 4200 1062 4237 ne
1094 4201 1289 4251 repose
1317 4202 1412 4237 sur
1441 4189 1557 4237 rien
1588 4190 1644 4237 et
1669 4201 1736 4236 ne
1764 4187 1954 4237 merite
1986 4200 2089 4251 pas
2121 4188 2294 4236 meme
2322 4185 2492 4236 d'etre
2520 4185 2701 4237 discu-

564 4270 669 4318 tec.
