3109 4950
517 425 604 493 62
981 444 1043 490 8.
1094 441 1384 490 Ani-omn
1432 442 1755 489 Leonum
1803 441 2046 504 pann,
2098 423 2180 488 21

518 839 791 979 mbae
817 836 1231 958 adevotione
1276 836 1527 908 populi
1576 840 1652 897 et
1692 835 2059 896 miraculo
2112 834 2410 896 coelitus
2448 835 2654 894 exhi-

755 932 797 977 ο
859 961 873 976 .

615 1224 675 1292 1.
722 1226 1015 1304 Interea,
1063 1223 1223 1290 dum
1271 1223 1417 1291 haec
1445 1233 1842 1314 agerentur,
1885 1246 2050 1314 pars
2102 1223 2374 1315 Capitis
2413 1222 2652 1291 Pontis

522 1329 611 1398 ad
650 1329 1036 1400 habendum
1065 1330 1249 1398 beati
1288 1328 1572 1398 Antonii
1610 1353 1859 1421 corpus
1898 1330 2372 1400 vehementius
2411 1354 2653 1399 accen-

522 1437 706 1505 ditur
745 1447 835 1517 et,
868 1437 939 1504 in
977 1446 1388 1528 potestatem
1420 1436 1867 1505 recalcitrans
1888 1436 1941 1518 ⁶,
1987 1461 2220 1506 eorum
2272 1438 2543 1506 animus
2580 1437 2652 1503 in

520 1543 862 1612 vetitum⁶
923 1544 1191 1611 enixius
1240 1556 1554 1611 conatur.
1600 1547 1665 1611 2.
1721 1543 1829 1611 Fit
1877 1554 2255 1612 conventus
2311 1544 2655 1613 seniorum

522 1673 646 1718 nec
695 1674 828 1718 non
865 1661 935 1718 et
973 1650 1273 1718 omnium
1316 1650 1387 1717 in
1426 1650 1674 1742 quibus
1726 1673 1886 1741 spes
1941 1651 2088 1726 ulla
2134 1661 2403 1743 poterat
2442 1648 2655 1718 essed

520 1757 787 1826 consilii
818 1767 909 1836 et,
951 1767 1029 1825 ut
1065 1757 1165 1825 eis
1206 1757 1457 1825 auxilio
1497 1758 1689 1838 fiant,
1724 1780 1845 1848 per
1875 1757 2224 1826 civitatem
2263 1780 2661 1826 convocan-

519 1875 638 1933 tur
667 1865 889 1932 amici.
935 1868 1001 1934 3.
1032 1864 1338 1955 Denique
1368 1864 1438 1931 in
1463 1888 1672 1932 unum
1712 1887 1951 1932 omnes
1992 1878 2118 1933 coe
2155 1889 2373 1957 usque
2418 1887 2656 1933 conve·

521 1972 718 2039 niunt
747 1971 925 2062 quod
966 1995 1325 2062 personaS,
1371 1970 1852 2062 possessiones
1882 1981 1950 2039 et
1978 1973 2205 2040 omnia
2244 1996 2396 2064 quae
2445 1971 2657 2040 habe-

528 2079 697 2147 bant
735 2079 1136 2170 exponenda
1158 2080 1393 2169 jurent
1421 2076 1824 2158 discrimini,
1846 2079 2245 2171 priusquam
2269 2078 2656 2147 beatissimi

524 2185 876 2254 Antoniis
922 2209 1169 2277 corpus
1237 2185 1468 2253 sinant
1525 2185 1638 2252 vel
1698 2185 1909 2253 locos
1963 2186 2362 2277 permutari.
2424 2190 2492 2254 4.
2565 2188 2656 2253 Et

525 2291 772 2359 mirum
812 2302 994 2359 certe
1031 2290 1212 2382 quod
1260 2297 1505 2359 narro!
1567 2294 1645 2359 ln
1691 2302 1957 2361 tantum
1998 2293 2302 2361 etenimk
2349 2293 2535 2361 zelus
2574 2315 2654 2360 ac

522 2399 795 2467 fervori
826 2398 1211 2467 devotionis
1251 2422 1488 2467 omnes
1528 2399 1599 2466 in
1641 2398 1940 2492 idipsum
1977 2400 2370 2468 voluntates
2412 2421 2656 2492 coege-

523 2507 716 2575 rantJ'
752 2517 852 2588 ut,
909 2531 1116 2598 quum
1168 2507 1443 2598 quidam
1482 2529 1715 2574 eorum
1754 2508 1841 2576 ab
1881 2507 2182 2599 antiquis
2231 2506 2655 2598 temporibus

521 2614 905 2682 inveterato
945 2613 1099 2682 odio
1148 2625 1218 2681 et
1253 2614 1429 2682 bello
1470 2613 1797 2683 intestino
1836 2613 2190 2683 discordes
2230 2614 2647 2695 extitissent,

521 2730 828 2788 veterum
850 2720 1380 2807 inimicitiarum,
1416 2730 1493 2789 ut
1512 2721 1901 2801 videbatur,
1935 2721 2154 2803 obliti,
2191 2721 2260 2789 in
2287 2719 2656 2790 detinendo

521 2828 705 2895 beati
746 2827 1025 2896 Antonii
1065 2850 1348 2919 corpore
1386 2827 1799 2896 unanimiter
1837 2851 1916 2897 ac
1954 2828 2378 2896 familiariter
2405 2851 2655 2896 conve-

525 2934 842 3002 neruntk.
910 2940 975 3003 5.
1046 2934 1397 3003 Timentes
1455 2934 1717 3027 igitur²
1769 2959 1852 3003 ne
1910 2935 2316 3027 cujusquam
2377 2933 2658 3002 fraudu-

524 3042 709 3109 lenta
761 3041 1263 3110 machinatione
1294 3066 1335 3110 a
1375 3065 1496 3133 spe
1555 3066 1682 3109 sua
1738 3042 2060 3111 frustrari
2112 3052 2425 3134 possent,
2488 3041 2659 3110 inito

525 3148 836 3227 consilio,
880 3172 1129 3239 corpus
1167 3172 1409 3240 rapere
1446 3148 1960 3239 disposuerunt.

616 3258 682 3323 6.
728 3260 1008 3335 Verum,
1068 3255 1227 3347 quia
1282 3255 1600 3324 minister
1654 3255 2095 3346 provincialis
2155 3278 2464 3347 praesens
2521 3279 2656 3323 non

526 3371 699 3443 erat,
743 3360 830 3429 ad
873 3362 1068 3453 cujus
1108 3373 1345 3431 nutum
1399 3364 1684 3431 fratrum
1725 3386 1932 3431 causa
1970 3361 2336 3454 pendebat,
2386 3356 2654 3430 vocatis

524 3470 594 3537 in
617 3479 881 3559 partem
908 3469 1296 3538 senioribus
1322 3493 1580 3549 eorum,
1616 3470 2002 3561 supplicare
2026 3480 2377 3561 coeperunt
2402 3469 2655 3538 fratres

525 3586 887 3667 quatenus,
945 3575 1313 3644 adventum
1352 3576 1572 3667 ipsius
1609 3576 1720 3644 vel
1758 3576 2095 3644 modicum
2132 3576 2643 3667 prfestolanteS,

526 3682 613 3750 ab
680 3682 977 3773 incoepto
1045 3682 1463 3751 desisterent
1540 3693 1610 3751 et
1688 3682 1773 3751 ad
1837 3682 2058 3774 ipsius
2133 3682 2655 3775 dispositionem

527 3800 832 3857 cunctam
871 3789 941 3857 in
982 3789 1326 3882 integrum
1375 3800 1784 3858 conservata
1810 3802 1840 3833 ”
1883 3800 2334 3858 remanerent.
2382 3792 2445 3859 7.
2497 3789 2657 3857 Pla-

591 4033 633 4066 ε.
665 4020 730 4066 Ce
761 4022 964 4076 chapitre
994 4034 1187 4078 marique
1220 4021 1333 4065 dans
1357 4022 1459 4066 Alc.
1483 4021 1578 4066 293.
1608 4021 1743 4066 Paris
1761 4033 1816 4065 en
1840 4035 1929 4066 om.
1955 4022 2000 4066 le
2022 4022 2143 4066 titre.
2164 4044 2217 4054 —
2243 4022 2286 4067 b.
2311 4021 2424 4066 Luc.
2453 4020 2666 4066 ini-ceal-

525 4092 735 4137 curans.
765 4115 818 4125 —
840 4105 881 4137 c.
905 4094 1009 4137 Alc.
1032 4094 1112 4138 5286
1136 4093 1404 4138 irretitum.
1425 4116 1478 4126 —
1497 4094 1546 4138 d.
1580 4093 1714 4138 Paris
1734 4105 1834 4137 una
1854 4104 1969 4149 spes
1988 4092 2171 4148 suerat.
2202 4093 2308 4138 Pad.
2333 4105 2440 4137 esse
2459 4097 2661 4150 poterat

521 4176 636 4218 spes
662 4165 783 4208 ulla.
812 4186 868 4198 —
889 4176 929 4208 e.
955 4164 1086 4208 Paris
1117 4178 1205 4208 om.
1242 4176 1417 4209 omncs
1443 4177 1514 4208 eo.
1537 4188 1592 4198 —
1620 4164 1656 4221 s.
1695 4165 1828 4209 Paris
1853 4164 1969 4209 viri.
1995 4177 2109 4221 —9.
2139 4165 2254 4209 Luc.
2289 4165 2340 4208 in
2362 4165 2487 4209 loco.
2519 4164 2657 4209 Paris

525 4238 587 4281 de
607 4234 731 4280 loco.
747 4258 800 4269 —
816 4237 863 4279 h.
886 4236 1019 4279 Paris
1030 4248 1118 4280 om.
1138 4237 1341 4281 etenim.
1355 4257 1412 4269 —
1432 4236 1462 4280 i.
1482 4234 1598 4280 Luc.
1617 4236 1829 4291 serrum.
1856 4237 1964 4292 —J'.
1981 4237 2086 4280 Alc.
2106 4237 2186 4282 28ss
2200 4246 2244 4281 et
2263 4236 2395 4280 Paris
2410 4240 2659 4291 cocqerat.

528 4307 574 4351 k.
595 4307 728 4351 Paris
751 4307 1072 4352 conveniunt.
1093 4328 1147 4341 —
1164 4308 1195 4352 l.
1214 4307 1346 4351 Puris
1365 4310 1553 4351 aulem.
1576 4330 1629 4340 —
1647 4319 1712 4352 m.
1738 4306 1852 4353 Luc.
1869 4308 2084 4353 cunctis.
2099 4331 2152 4342 —
2169 4320 2217 4353 n.
2238 4307 2372 4352 Paris
2387 4311 2660 4353 reservata.
