3109 4950
844 453 904 505 s,
959 457 1247 504 Amonn
1294 458 1620 506 Luctum
1667 458 1910 520 rann,
1960 439 2048 507 23
2422 435 2509 508 67

375 621 618 689 pensa,
686 607 908 666 totum
963 597 1344 667 affectionis
1413 608 1479 668 et
1543 598 1711 666 nihil
1776 597 2069 667 rationis
2125 598 2505 689 imponunt.

375 708 651 785 Fateor,
708 705 925 773 zelum
968 706 1149 774 Deio
1211 706 1483 798 quidem
1523 706 1781 774 hahent
1805 705 1857 785 ὁ,
1915 705 2037 774 sed
2077 730 2213 773 non
2266 730 2510 775 secun-

377 811 959 880 dum'scientiam.
996 815 1061 882 6.
1119 816 1390 881 Nostrae
1421 812 1646 880 enim⁶
1694 812 2256 905 congregationis
2297 812 2510 882 frater

375 919 692 987 exstititd
745 931 814 988 et
888 919 1282 988 videntibus
1358 919 1575 988 oculis
1628 944 1886 1001 eorum,
1957 920 2017 988 si
2074 919 2512 988 dissimulare

374 1027 641 1107 nolunt,
695 1027 966 1095 intrans
1014 1037 1084 1096 et
1123 1026 1358 1095 exiens
1407 1027 1762 1095 nobiscum
1801 1027 2103 1108 mansit;
2147 1038 2512 1118 propterea

375 1145 446 1202 et
511 1157 636 1202 nos
690 1134 1238 1203 commendatum
1278 1134 1717 1225 requirimuS‚
1778 1158 2004 1226 quem,
2060 1134 2220 1202 dum
2290 1133 2512 1203 adhuc

373 1242 670 1321 viveret,
728 1241 1096 1332 sepulturae
1143 1242 1366 1309 locum
1414 1252 1672 1310 sanctae
1715 1241 1838 1309 Dei
1880 1241 2237 1332 genitricis
2297 1242 2511 1309 eccle-

377 1349 555 1416 siam
600 1371 742 1438 prae
782 1347 1051 1417 caeteris
1101 1348 1398 1440 elegisse
1451 1372 1586 1417 non
1624 1341 2042 1417 dubitamus,
2095 1350 2158 1417 7.
2205 1348 2406 1437 Quod
2450 1348 2509 1417 si

373 1456 552 1523 sorte
609 1478 762 1522 eum
801 1479 936 1523 non
988 1468 1247 1546 posse‘
1287 1456 1709 1546 sepulturam
1759 1455 2017 1546 eligere
2070 1455 2506 1536 contenditis,

375 1587 459 1630 eo
498 1562 762 1630 scilicet
815 1562 995 1653 quod
1031 1562 1208 1629 velle
1244 1562 1535 1654 ligatum
1588 1562 1968 1631 habuerit!
2005 1562 2299 1631 vinculis
2348 1563 2513 1631 obe-

372 1669 652 1737 dientiae
706 1668 1059 1756 salutaris,
1117 1669 1250 1750 cui,
1313 1669 1687 1760 inquimus,
1752 1669 1885 1737 nisi
1945 1669 2284 1761 superiori
2360 1670 2510 1762 ejus

370 1786 791 1868 potestatem
832 1774 1008 1844 hane
1044 1785 1112 1844 et
1149 1775 1502 1844 electionis
1540 1776 1928 1845 libertatem
1968 1777 2311 1846 reservari
2334 1776 2511 1868 judi·

371 1883 609 1952 catis?
643 1886 711 1953 8.
776 1884 1068 1974 Ideoque
1118 1892 1185 1951 et
1224 1906 1377 1964 nos,
1428 1883 1544 1974 qui
1600 1884 1759 1952 licet
1805 1883 2075 1976 indigni
2136 1884 2512 1976 superioris

367 1991 525 2059 vice
587 1991 958 2083 fungimur,
1019 1991 1166 2059 dari
1229 1990 1428 2059 nobis
1469 1990 1869 2082 suppliciter
1906 1991 2253 2082 poscimus
2302 1991 2509 2083 quod,

361 2098 550 2190 juris
582 2098 819 2166 ordine
859 2108 984 2166 etg
1020 2097 1290 2166 oculata
1329 2097 1621 2179 ratione,
1666 2097 1974 2167 debetur.

465 2208 534 2273 9.
581 2206 967 2296 Episcopus
1025 2205 1240 2297 igitur
1264 2204 1322 2286 ¹⁸,
1383 2204 1685 2274 auditisi
1720 2215 2165 2296 utrorumque
2225 2206 2513 2274 rationi·

371 2313 535 2392 bus,
579 2312 929 2380 definitiva
970 2312 1313 2380 sententia
1352 2313 1596 2381 statuit
1625 2323 1701 2381 ut
1729 2336 1853 2403 pro
1883 2313 2237 2381 voluntate
2277 2312 2509 2381 minis·

371 2419 465 2489 tri
495 2419 823 2512 deinceps
844 2420 1070 2490 omnia
1096 2419 1337 2489 fierent
1361 2429 1430 2489 et
1449 2419 1856 2489 infirmanda
1882 2420 1992 2488 vel
2016 2419 2506 2504 confirmanda,

375 2551 528 2618 quae
567 2527 749 2595 dicta
787 2527 897 2595 vel
936 2527 1116 2596 facta
1154 2528 1450 2607 fuerant,
1483 2527 1703 2619 ipsius
1730 2528 2016 2596 arbitrio
2047 2527 2506 2620 subjacerent.

379 2638 484 2702 10.
521 2634 663 2724 Ipsi
693 2634 1024 2726 denique·i
1068 2635 1249 2703 clero
1267 2634 1595 2726 praecepit
1617 2635 1648 2679 Κ
1668 2645 1751 2716 ,ιιι
1781 2635 1867 2703 ad
1897 2634 2075 2703 diem
2104 2636 2505 2726 proximam,

372 2741 443 2809 id
482 2751 593 2809 est
629 2751 791 2831 post
837 2752 1123 2810 mortem
1162 2741 1346 2810 beati
1383 2742 1667 2810 Antonii
1712 2741 2046 2833 quintam,
2090 2766 2164 2810 se
2212 2767 2296 2810 ex
2322 2766 2510 2810 more

371 2857 702 2937 pararent
749 2858 839 2929 et,
875 2849 1213 2917 ordinatis
1254 2848 1840 2941 processionibu5‚
1876 2872 2140 2917 summo
2184 2873 2383 2917 mane
2423 2849 2509 2916 ad

374 2954 639 3022 Cellam
681 2956 1150 3024 convenirent.
1226 2960 1332 3025 11.
1396 2955 1854 3024 Nihilominus
1916 2966 2142 3024 autem
2182 2956 2511 3046 potestati

372 3062 681 3130 civitatis
711 3061 961 3131 iterato
983 3065 1005 3106 l
1041 3062 1393 3131 mandavit
1415 3077 1463 3106 '¹⁸
1498 3073 1575 3130 ut
1602 3063 1926 3154 praesidio
1957 3062 2285 3131 fratribus
2319 3063 2513 3130 fieret

372 3178 468 3251 et,
538 3169 805 3259 paratis
871 3169 1117 3238 civium
1173 3170 1447 3251 turmiS,
1521 3169 1610 3238 ad
1661 3169 2270 3260 transportandum
2326 3169 2511 3237 beati

370 3276 662 3343 Antonii
718 3299 969 3367 corpus
1027 3276 1207 3345 dicto
1271 3287 1577 3368 tempore
1632 3276 1719 3345 ad
1759 3276 2022 3347 Cellam
2080 3287 2505 3368 properaret.

376 3386 484 3452 12.
532 3382 669 3470 Qui
695 3396 751 3467 ¹²,
809 3384 1107 3475 benigne
1153 3383 1554 3452 mandatum
1603 3383 1750 3475 ejus
1792 3383 2203 3474 suscipiens,
2272 3383 2513 3452 annuit

368 3500 441 3559 et
500 3515 587 3558 ex
648 3500 1052 3559 transverso
1102 3491 1432 3579 fluminiS‚
1496 3490 1678 3582 quod
1736 3491 1997 3561 Cellam
2064 3490 2368 3574 circuit¹‚
2428 3490 2511 3557 de

424 3708 470 3740 a.
512 3695 632 3739 Luc.
658 3708 749 3740 om.
784 3695 889 3739 Dei.
913 3717 968 3729 —-
996 3696 1040 3742 b.
1074 3695 1210 3740 Paris
1241 3696 1406 3752 fateor
1436 3695 1644 3751 quidem
1689 3696 1856 3740 zelum
1889 3694 1980 3740 Dei
2009 3695 2207 3741 habent.
2246 3718 2299 3728 —
2333 3707 2375 3740 c.
2409 3695 2513 3739 Alc.

360 3768 514 3813 28502
546 3768 654 3812 Alc.
693 3769 778 3813 293
810 3767 980 3823 iyitur.
1002 3790 1054 3801 -
1085 3768 1134 3811 d.
1162 3768 1265 3812 Alc.
1300 3768 1380 3813 286
1398 3778 1444 3812 et
1471 3768 1577 3811 Alc.
1612 3768 1692 3813 293
1717 3767 1917 3812 institit.
1938 3790 1991 3801 —
2015 3780 2059 3811 e.
2093 3767 2205 3812 Pad.
2241 3779 2340 3811 non
2366 3778 2516 3822 posse

358 3852 503 3885 eum.
521 3862 575 3871 —
594 3839 633 3895 s.
651 3839 769 3883 Luc.
792 3838 980 3884 habuit.
997 3862 1051 3871 —
1068 3850 1114 3893 9.
1134 3838 1269 3883 Paris
1290 3851 1381 3883 om.
1404 3843 1464 3883 et.
1482 3862 1534 3871 —
1555 3840 1606 3883 h.
1624 3838 1759 3882 Paris
1774 3850 1907 3894 erqo.
1926 3838 2027 3882 -ἰ,
2047 3838 2162 3882 Luc.
2179 3838 2251 3882 ad.
2269 3838 2515 3882 virorum.

356 3934 419 3945 —
448 3911 493 3965 j.
518 3911 654 3955 Paris
674 3922 808 3955 vero.
828 3933 882 3943 —
902 3910 949 3955 k.
972 3911 1076 3955 Alc.
1100 3910 1180 3956 286
1196 3909 1444 3967 praecipit.
1466 3932 1519 3944 -
1539 3910 1570 3955 l.
1593 3910 1708 3954 Luc.
1728 3910 1930 3955 intente.
1948 3932 2000 3944 -
2021 3922 2089 3954 m.
2113 3909 2246 3953 Paris
2262 3908 2503 3965 potestati

356 3982 638 4027 mandauit
658 3981 899 4027 civitatis.
920 4005 974 4015 ·-
1000 3994 1048 4027 n.
1077 3981 1192 4026 Luc.
1218 3982 1369 4037 quod.

429 4167 481 4212 1.
515 4161 599 4213 La
623 4141 897 4212 direction
928 4159 997 4211 de
1024 4162 1081 4211 la
1104 4161 1303 4212 riviere
1334 4159 1402 4211 de
1442 4173 1503 4212 ce
1550 4162 1692 4221 cote,
1723 4173 1832 4210 aux
1869 4160 2151 4211 alentours
2183 4159 2252 4211 de
2284 4160 2336 4210 la
2367 4160 2514 4221 ville,

352 4256 669 4309 remarque
700 4242 752 4293 le
784 4242 845 4293 P.
873 4242 1028 4303 Josa,
1057 4255 1091 4292 a
1117 4241 1331 4306 change
1361 4241 1559 4307 depuis
1576 4241 1627 4291 le
1657 4240 1810 4292 X111⁶
1831 4241 2093 4292 siecle-
2115 4240 2199 4291 Gr.
2230 4242 2512 4302 Gaulum,

350 4323 570 4380 Δηίἰοο
599 4337 760 4375 corso
791 4322 877 4373 de·
901 4321 1079 4386 flami,
1106 4324 1211 4373 etc.
