3109 4950
605 427 731 499 134
1145 446 1205 492 s.
1261 446 1549 493 Aaroun
1599 446 1922 494 monum
1969 448 2186 495 rrum

595 589 832 658 videre
910 587 1156 656 saltem
1229 597 1470 678 posset
1541 586 2027 656 miserabiliter
2092 588 2237 679 jam
2311 588 2727 658 defunctum.

600 702 664 766 5.
713 700 939 786 Quum
977 707 1205 766 autem
1251 697 1440 764 velut
1478 695 1738 786 piscem
1792 694 2151 785 quemdam
2196 719 2375 783 eum,
2411 696 2621 786 jactis
2662 697 2732 764 in

598 827 787 872 mare
824 802 1114 891 retibus,
1141 802 1679 894 prendidissent,
1708 801 2050 869 tristabile
2087 802 2245 870 visu
2277 808 2290 869 !
2338 827 2488 871 eum
2528 804 2733 871 matri

600 921 941 979 mortuum
992 909 1457 979 reddiderunt.
1520 913 1585 978 6.
1631 910 2091 977 Accurrentes
2149 920 2377 977 autern
2435 934 2735 979 consan-

602 1017 834 1111 guinei
873 1027 942 1086 et
979 1017 1203 1104 amici,
1247 1040 1533 1108 eumque
1573 1016 1846 1084 domum
1884 1040 2037 1084 cum
2075 1026 2294 1084 matre
2344 1018 2733 1108 querulosis

601 1124 1013 1194 clamoribus
1080 1123 1549 1215 deportanteS‚
1614 1147 1822 1214 super
1885 1122 2150 1191 discum
2213 1123 2602 1215 quemdam,
2657 1135 2734 1194 ut

601 1233 888 1301 haustas
928 1255 1144 1322 aquas
1185 1230 1547 1317 emitteret,
1592 1230 1803 1321 pedes
1847 1231 1995 1320 ejus
2034 1255 2240 1299 verso
2279 1231 2502 1322 capite
2544 1232 2735 1300 leva-

600 1349 873 1407 verunt.
918 1342 982 1407 7.
1019 1339 1153 1408 Sed
1193 1363 1318 1407 nec
1357 1338 1457 1406 sic
1496 1336 1770 1430 quidem
1807 1347 1955 1406 erat
1991 1361 2151 1419 vox,
2189 1362 2405 1430 neque
2453 1363 2727 1420 sensus,

602 1447 786 1539 quia,
840 1446 1239 1537 complexiS,
1297 1470 1482 1514 more
1543 1445 2044 1526 defunctorum,
2109 1446 2308 1538 genis
2363 1441 2443 1514 ac
2498 1446 2731 1528 labiis,

602 1555 824 1623 omnis
862 1553 1137 1646 penitus
1177 1554 1618 1622 abscesserat
1657 1577 1820 1644 spes
1863 1552 2133 1621 salutis,

688 1664 755 1731 8.
798 1662 1019 1750 Quem
1076 1660 1354 1729 tandem
1411 1684 1644 1752 quum,
1689 1660 1798 1728 die
1847 1660 2186 1751 sequenti,
2237 1661 2423 1729 letali
2477 1660 2737 1753 frigore

601 1768 926 1861 frigidum
1000 1778 1573 1846 contrectassent,
1651 1768 1801 1859 ejus
1874 1766 2284 1835 tradendum
2363 1768 2738 1859 sepulturae

602 1875 1080 1967 corpusculum
1127 1876 1604 1944 decreverunt.
1659 1879 1726 1944 9.
1779 1878 2006 1943 Mater
2049 1886 2275 1943 autem
2306 1875 2430 1944 hoc
2460 1875 2738 1966 penitus

602 1982 751 2051 fieri
813 1969 949 2050 non
1015 1982 1323 2063 sinebat3
1396 1981 1543 2069 sed,
1617 1981 1873 2049 amaris
1929 1982 2219 2072 ‘perfusa
2284 1981 2734 2073 singultibuS,

602 2090 805 2159 beato
862 2089 1186 2170 Antonio,
1245 2099 1322 2157 ut
1378 2089 1590 2157 filium
1655 2088 1788 2156 sibi
1849 2088 2083 2175 vivum
2140 2088 2480 2168 redderet,
2536 2113 2739 2180 prece

604 2195 1001 2265 incessabili
1059 2196 1514 2288 supplicabat,
1579 2196 1914 2276 eumdem,
1981 2196 2040 2263 si
2104 2196 2237 2264 sibi
2302 2195 2735 2289 dignaretur,

605 2302 914 2392 reddere,
951 2304 1297 2395 spondens
1328 2327 1660 2394 processu
1682 2303 2010 2394 temporis
2038 2299 2379 2371 Minorum
2423 2308 2741 2372 Fratrum

605 2411 828 2481 ordini
860 2435 935 2480 se
974 2411 1313 2481 daturam.
1370 2414 1475 2481 10.
1511 2412 1872 2503 Quumque
1911 2410 2023 2503 pia
2063 2419 2306 2491 mater,
2350 2410 2743 2503 importuna

603 2519 713 2610 pie
755 2518 1108 2611 solidaque
1147 2519 1219 2587 in
1273 2543 1419 2611 spe,
1471 2519 1747 2587 beatum
1785 2528 2049 2610 patrem
2105 2518 2477 2586 Antonium
2516 2519 2742 2587 accla-

605 2636 847 2708 maret,
889 2627 1191 2706 tandem‚
1257 2625 1364 2694 die
1419 2626 1649 2707 tertia,
1707 2626 1971 2694 cunctis
2019 2626 2454 2694 cernentibus
2494 2625 2609 2719 qui
2650 2627 2742 2695 ad

605 2734 1067 2825 spectaculum
1107 2733 1539 2820 advolarunt,
1599 2733 1896 2801 surrexit
1953 2732 2069 2823 qui
2127 2732 2351 2801 suerat
2397 2741 2738 2813 mortuuS,

604 2840 790 2908 beati
829 2840 1112 2909 Antonii
1150 2840 1413 2908 meritis
1455 2840 1807 2931 gloriosis,

700 2952 803 3016 11.
859 2951 1084 3016 Mater
1135 2971 1325 3029 vero,
1382 2947 1775 3016 laetabunda
1838 2957 1906 3014 et
1967 2945 2305 3039 gaudens»,
2366 2970 2742 3037 omnesque

608 3054 723 3146 qui
762 3054 1133 3122 adstabant
1187 3053 1443 3145 populi,
1491 3052 1654 3145 quid
1713 3053 1964 3122 sactum
2018 3054 2240 3121 suerat
2286 3052 2738 3133 admirante8‚

610 3165 754 3229 Deo
793 3170 862 3228 et
898 3160 1102 3228 beato
1154 3160 1453 3228 Antonio
1502 3159 1779 3228 laudum
1831 3160 2174 3251 praeconia
2229 3160 2738 3252 persolverunt,

615 3272 719 3336 12.
764 3268 1148 3358 Quumque,
1184 3291 1511 3358 processu
1542 3267 1898 3357 temporis,
1927 3267 2255 3358 parvulus
2286 3265 2736 3348 excrevisset,

607 3375 720 3466 pia
759 3383 1000 3456 mater,
1051 3374 1373 3466 promissi
1410 3374 1554 3443 voti
1601 3399 1738 3443 non
1789 3374 2164 3462 immemor,
2200 3397 2352 3442 eum
2393 3373 2741 3442 Minorum

612 3486 925 3550 Fratrum
962 3481 1185 3549 ordini
1224 3481 1663 3573 mancipavit.
1713 3485 1817 3551 13.
1853 3482 2008 3572 Ipse
2047 3491 2299 3570 autem,
2334 3480 2741 3572 religionem

606 3589 996 3680 ingressus,
1054 3589 1263 3657 srater
1321 3588 1628 3657 Parisius
1680 3588 2089 3679 appellatus,
2146 3587 2741 3657 conversationem

607 3694 785 3763 inter
836 3695 1085 3763 fratres
1127 3720 1376 3788 gerens
1416 3696 1601 3763 omni
1649 3719 1910 3763 morum
1966 3696 2332 3764 sanctitate
2385 3694 2742 3786 praefingi-

608 3801 789 3883 dam,
857 3827 1008 3896 quae
1075 3802 1232 3884 sibi,
1297 3802 1730 3870 morientium
1801 3801 1990 3870 salus
2050 3813 2119 3870 et
2181 3802 2352 3883 vita,
2428 3825 2741 3870 summus

607 3910 855 4001 opifex,
904 3909 1159 3977 servuli
1200 3909 1307 3978 sui
1359 3909 1643 3977 Antonii
1690 3909 1977 3991 meritiS,
2034 3908 2352 3978 effecerat
2388 3932 2513 4000 per
2555 3908 2742 3976 ordi-

609 4039 762 4084 nem
801 4015 1233 4108 postmodum
1274 4017 1602 4085 fratribus
1643 4015 2061 4085 enarravit¹.

674 4245 720 4292 1.
746 4241 899 4293 Dans
923 4256 1030 4293 une
1058 4241 1288 4307 legende
1315 4242 1648 4294 antonienne
1674 4241 1800 4292 d'un
1827 4243 2132 4293 manuscrit
2155 4241 2223 4293 de
2249 4242 2303 4292 la
2327 4241 2463 4292 bibl.
2490 4242 2743 4293 Lauren-

607 4321 792 4373 tlenne
821 4321 889 4374 de
920 4323 1182 4374 Florence
1212 4322 1371 4388 (Cod.
1403 4328 1452 4387 9,
1484 4323 1647 4375 Plud.
1677 4323 1882 4374 XXXV
1912 4323 2059 4388 sim),
2090 4348 2153 4361 —
2194 4324 2499 4374 manuscrit
2541 4336 2648 4389 que
2687 4322 2741 4375 le
