3109 4950
543 403 632 470 90
1002 422 1061 470 s,
1115 423 1404 470 Ana-ona
1452 424 1775 471 Lausum
1824 424 2065 485 ΡιιιΜΑ,
2117 406 2197 473 31

544 562 816 642 factam,
857 561 997 630 vim
1037 562 1097 630 ei
1138 562 1386 630 inferre
1439 563 1746 654 cupiens,
1791 563 1879 631 ad
1925 573 2181 632 terram
2235 564 2670 656 projecisset,

544 669 714 739 adeo
753 668 1236 738 miserabiliter
1266 671 1685 739 confractam
1714 670 1976 739 dimisit
2004 681 2105 751 ut,
2142 670 2488 762 gibbosoa
2519 696 2678 763 peo-

543 787 691 845 tore
740 801 818 845 ac
873 801 1055 868 genu
1108 786 1484 859 contr-acm,
1539 801 1663 845 nec
1713 801 1848 845 non
1897 789 1965 847 et
2006 779 2327 846 vertebro
2366 802 2551 847 coxae
2591 780 2677 848 ab

545 886 759 954 anca¹
802 884 1119 964 distorto,
1163 883 1372 952 ductu
1403 885 1622 975 patris
1654 885 1924 954 domum
1949 897 2283 954 remearet
2306 885 2356 954 ⁶.
2392 889 2504 955 43.
2543 885 2676 955 Sed

545 1002 614 1060 et
676 991 973 1082 quinque
1036 991 1236 1059 annis
1298 1003 1365 1060 et
1423 1015 1502 1059 eo
1570 991 1862 1082 amplius
1930 1002 2438 1061 monstruosam
2500 996 2675 1060 hanc

544 1121 752 1190 passa
795 1110 900 1168 est
941 1097 1498 1167 contractionem.
1545 1101 1654 1167 44.
1710 1101 1877 1167 Post
1906 1109 2193 1167 mortem
2232 1099 2445 1191 igitur
2492 1100 2675 1167 beati

547 1206 854 1294 Antonii,
890 1217 1085 1274 nocte
1121 1204 1443 1296 quadam,
1487 1215 1756 1274 erecto⁶
1789 1228 1970 1295 genu
2012 1230 2090 1274 ac
2130 1206 2325 1297 pede,
2371 1207 2517 1274 sine
2559 1230 2676 1273 cu-

537 1313 861 1405 jusquam
892 1312 1440 1381 sustentationed
1457 1312 1777 1381 surrexit.
1804 1316 2294 1383 Verumtamen
2322 1314 2573 1406 gibbus
2603 1314 2674 1381 in

545 1429 818 1511 pectore
859 1430 927 1488 et
972 1443 1051 1487 os
1086 1442 1272 1487 ancae
1312 1419 1532 1487 adhuc
1573 1420 1905 1487 elocatum
1942 1433 1967 1463 θ
1998 1420 2355 1488 remansit.
2396 1425 2507 1490 45.
2555 1420 2678 1487 Die

544 1538 769 1595 autem
809 1527 1129 1618 quadam,
1172 1525 1259 1594 ad
1288 1526 1621 1594 tumulum
1640 1526 2086 1595 beatissimis
2107 1528 2387 1595 Antonii
2420 1527 2675 1601 delata.

545 1658 627 1702 ex
665 1644 808 1703 toto
850 1633 1053 1702 rediit
1092 1633 1373 1701 sanitati
1406 1633 1747 1700 restituta.
1778 1633 2162 1703 Videbatur
2192 1658 2482 1725 namque
2514 1634 2675 1712 sibi,

546 1741 705 1809 dum
748 1742 999 1809 salvas
1037 1740 1254 1820 fieret,
1299 1763 1544 1807 manus
1586 1739 1880 1808 hominis
1911 1741 2089 1808 inter
2115 1765 2389 1808 carnem
2421 1752 2489 1810 et
2518 1765 2684 1809 ossa

546 1849 789 1917 leniter
827 1848 1006 1926 duci,
1049 1847 1354 1915 membra
1411 1870 1705 1939 quoque,
1750 1847 2012 1938 pridem
2039 1848 2069 1890 '¹
2119 1848 2322 1916 anxio
2376 1849 2681 1916 confecta

546 1956 805 2034 dolore,
847 1954 1217 2045 ungentist'
1255 1977 1438 2022 more
1480 1955 1764 2024 suavius
1803 1954 2071 2023 deliniri
2100 1955 2153 2022 J'.

635 2062 1351 2155 46.'‘Nassinguerra‘
1379 2061 1462 2129 de
1494 2062 1700 2131 Sacili
1719 2065 1831 2140 ¹²⁸2,
1859 2085 1981 2152 per
2011 2086 2229 2130 annos
2257 2062 2430 2130 duos
2462 2087 2622 2131 crus
2644 2076 2675 2106 '²

548 2170 861 2238 dextrum
911 2168 1175 2237 habens
1214 2178 1664 2248 contractum,
1714 2157 1956 2259 pede-m
1986 2169 2356 2258 portabat⁰
2384 2193 2678 2260 suspen-

550 2300 725 2345 sum.
747 2279 857 2355 47,
889 2277 1037 2354 Hic,
1067 2299 1299 2368 quum,
1320 2274 1428 2344 die
1452 2275 1770 2366 quadam,
1792 2275 2027 2343 ferulis
2045 2285 2246 2344 utens
2273 2275 2361 2344 ad
2387 2299 2611 2344 arcam
2644 2287 2681 2331 Ρ

547 2384 733 2453 beati
796 2384 1078 2452 Antonii
1133 2382 1590 2475 pervenisset,
1633 2381 2072 2450 vehementer
2124 2381 2372 2450 sudare
2420 2383 2673 2474 coepit;

551 2492 698 2577 sed,
743 2515 949 2582 quum
990 2490 1247 2558 doloris
1289 2490 1403 2581 qui
1445 2514 1598 2558 eum
1645 2490 2000 2559 invaserat
2052 2490 2464 2558 anxietatem
2503 2490 2682 2558 serre

551 2622 978 2691 nequaquam
1017 2607 1280 2688 posset,
1311 2597 1808 2689 aliquantulum
1831 2611 1861 2654 ‘1
1894 2621 1969 2665 se
2001 2597 2087 2665 ab
2120 2611 2327 2665 arca'
2365 2597 2676 2666 retraxit.

548 2708 659 2775 48.
722 2706 1181 2774 Accurrentes
1244 2715 1470 2772 autem
1510 2705 1625 2796 qui
1678 2704 1967 2773 aderant
2004 2704 2235 2772 levare
2276 2715 2634 2773 conantem
2661 2718 2685 2748 ³

602 2907 648 2938 a.
686 2893 790 2938 Alc.
817 2894 897 2939 286
924 2893 1144 2948 qibboaa.
1179 2915 1232 2925 —
1258 2891 1301 2936 b.
1325 2891 1457 2936 Paris
1482 2892 1741 2937 remeavit.
1779 2892 1895 2936 Luc.
1930 2905 2019 2937 om.
2054 2904 2142 2937 une
2168 2891 2311 2948 partie
2345 2891 2401 2936 de
2440 2891 2482 2935 la
2504 2891 2684 2947 phrase,

552 2964 662 3022 qu'il
694 2965 858 3021 chri-ge
888 2963 1038 3007 ainsi:
1067 2975 1125 3008 ac
1159 2975 1292 3019 qenu
1334 2967 1593 3008 contracto
1623 2965 1686 3008 ad
1717 2964 1881 3020 patris
1915 2966 2127 3008 domum
2160 2966 2420 3007 remearet.
2441 2974 2557 3007 —c.
2578 2963 2684 3007 Alc.

548 3037 629 3082 286
648 3040 827 3082 erecta.
848 3059 901 3068 —
920 3036 969 3079 d.
992 3036 1096 3079 Alc.
1117 3036 1198 3081 286
1230 3035 1668 3079 sustentationem.
1699 3059 1752 3068 —
1782 3047 1821 3079 e.
1850 3036 1954 3079 Alc.
1974 3035 2053 3080 286
2082 3034 2425 3091 elonquatum.
2449 3034 2570 3079 Luc.
2592 3046 2683 3079 om.

550 3113 596 3154 et
612 3120 667 3153 os
697 3120 835 3152 anca.»
858 3108 1025 3151 adhuc
1041 3106 1308 3151 elocatum.
1329 3129 1381 3138 —
1400 3106 1437 3162 Ῑ.
1462 3106 1597 3150 Paris
1614 3106 1759 3151 beati.
1774 3130 1828 3139 —
1845 3119 1892 3162 9.
1918 3106 2030 3150 Luc.
2049 3118 2190 3150 sana.
2211 3129 2264 3138 —
2284 3107 2334 3150 h.
2353 3105 2487 3149 Paris
2499 3105 2681 3160 pridie.

548 3204 602 3214 -
624 3180 655 3222 i.
679 3179 780 3222 Alc.
807 3180 904 3226 286.
928 3178 1035 3222 Nat.
1066 3177 1195 3222 14363
1214 3177 1501 3233 unquentis.
1529 3177 1643 3221 Pad.
1665 3177 1928 3233 unquenti.
1950 3177 2058 3232 —j.
2081 3176 2196 3221 Luc.
2217 3176 2443 3222 suaviter
2460 3175 2683 3221 deliniri.

553 3252 621 3296 Le
651 3261 769 3294 texte
812 3250 1047 3294 d’Ancone
1088 3248 1180 3292 suit
1220 3249 1394 3292 d'assez
1424 3249 1528 3303 pres
1567 3258 1692 3292 notre
1725 3259 1857 3293 texte.
1884 3248 2137 3301 Toutesois‚
2171 3249 2206 3292 il
2236 3257 2357 3292 emet
2388 3260 2466 3292 ces
2489 3246 2684 3291 details:

552 3324 669 3366 Post
697 3325 929 3366 mortem.
945 3319 1095 3364 .beati
1115 3320 1342 3371 Antonii,
1369 3321 1514 3363 nocte
1537 3320 1778 3374 quadam,
1797 3322 1959 3363 erecto
1977 3331 2108 3375 qenu
2128 3332 2186 3364 ac
2207 3321 2347 3376 pede,
2370 3319 2481 3363 sine
2508 3319 2685 3373 cujus-

551 3404 705 3448 quam
722 3392 1085 3437 sustentatione
1103 3391 1339 3436 surrexit.
1364 3390 1726 3435 Verumtamen
1745 3389 1922 3446 qibbus
1939 3390 1991 3434 in
2008 3395 2209 3446 pectore
2224 3394 2270 3435 et
2288 3402 2343 3435 os
2363 3402 2501 3435 ancoe
2517 3391 2684 3434 adhuc

550 3466 801 3510 elocatum
832 3463 1092 3508 remansit.
1120 3486 1177 3495 —
1204 3462 1249 3506 h.
1274 3461 1342 3505 Le
1370 3462 1458 3505 Ms.
1480 3462 1536 3505 de
1557 3460 1768 3505 Lucet-ne
1789 3472 1926 3514 omet,
1945 3473 2001 3505 en
2021 3471 2092 3505 cet
2111 3462 2307 3513 endroit,
2329 3461 2372 3504 la
2393 3460 2610 3516 guel-ison
2629 3461 2686 3504 de

550 3537 890 3591 Nassinguerra
924 3534 1147 3588 ‹zi-amem
1178 3534 1211 3577 il
1245 3534 1289 3579 la
1322 3544 1499 3588 reporte
1532 3542 1632 3578 tout
1670 3534 1696 3576 a
1732 3535 1775 3576 la
1808 3533 1867 3575 fln
1904 3533 1962 3576 du
1997 3533 2167 3577 recueil
2191 3534 2272 3577 des
2301 3533 2530 3583 miracles,
2553 3542 2686 3576 avaut

549 3608 807 3663 l’epilogue.
842 3628 896 3638 —
930 3606 963 3650 1.
1004 3605 1112 3650 Nat.
1141 3605 1270 3650 14363
1292 3605 1675 3659 Dassinquerra.
1711 3604 1824 3648 Luc.
1867 3604 2098 3659 Siynum.
2138 3604 2522 3659 Dassinquerra.
2555 3603 2691 3648 Paris

548 3680 864 3733 Manquerta.
889 3678 1008 3721 Aac.
1033 3676 1406 3731 Massayuerra.
1428 3698 1477 3708 —
1496 3687 1564 3719 m.
1588 3676 1692 3719 Alc.
1718 3678 1815 3729 286,
1837 3676 1945 3721 Nat.
1970 3675 2115 3727 14363,
2137 3675 2253 3720 Luc.
2274 3685 2319 3718 et
2339 3676 2457 3719 Aac.
2481 3675 2688 3719 Sacciti.

552 3750 687 3794 Paris
720 3749 905 3794 Sacati.
925 3771 979 3782 —
1000 3761 1049 3793 n.
1071 3749 1176 3792 Alc.
1195 3748 1277 3793 286
1310 3759 1451 3792 crux.
1471 3770 1525 3779 —-
1554 3760 1598 3792 ο.
1629 3747 1762 3791 Paris
1792 3745 2029 3802 portavit.
2049 3770 2103 3779 —
2134 3760 2185 3803 p.
2211 3746 2344 3791 Paris
2373 3746 2687 3802 sepulcrum.

547 3845 603 3856 —
635 3834 681 3878 q.
712 3821 844 3865 Paris
864 3820 1154 3877 paululum.
1188 3842 1242 3852 —
1276 3831 1316 3864 r.
1340 3819 1455 3863 Luc.
1489 3818 1550 3862 ab
1586 3830 1704 3863 arca
1728 3831 1797 3864 se.
1827 3841 1880 3852 —
1903 3832 1944 3863 s.
1974 3818 2087 3863 Luc.
2126 3830 2216 3864 om.
2243 3821 2524 3864 conantem.
2555 3818 2690 3862 Paris

550 3896 807 3939 conantes.

614 4050 658 4097 1.
690 4046 863 4107 Anca,
898 4045 1127 4095 hanche.
1157 4070 1219 4082 —
1249 4043 1331 4095 Cf.
1361 4045 1444 4095 Du
1476 4043 1694 4105 Canos,
1726 4043 2091 4105 Glossarium,
2121 4045 2224 4093 etc.

615 4132 660 4178 2.
709 4126 909 4187 Sacae,
952 4129 1037 4175 est
1080 4138 1186 4175 une
1234 4126 1405 4189 petite
1448 4124 1579 4174 ville
1629 4124 1697 4175 de
1743 4124 2049 4174 l'ancienne
2093 4122 2316 4173 Marche
2357 4122 2684 4185 Trevisane,

552 4210 728 4261 situee
757 4219 1000 4272 presque
1030 4207 1062 4256 a
1085 4205 1243 4270 egale
1274 4203 1527 4255 distance
1567 4203 1635 4254 de
1665 4204 1904 4255 Vittorio
1933 4206 1990 4254 et
2027 4202 2095 4255 de
2125 4201 2470 4263 Pordenone,
2502 4216 2599 4253 sur
2631 4204 2687 4254 la

554 4290 810 4342 Livenza.
