3109 4950
946 429 1009 477 s,
1062 429 1348 476 mrouu
1397 429 1722 476 mosum
1769 428 2013 488 rmus,
2056 409 2144 478 27
2502 410 2586 478 75

455 824 573 884 27.
621 824 728 882 De
770 821 1125 883 missione
1167 822 1591 883 nuntiorum
1649 823 1752 882 ad
1797 822 2086 882 curiam
2139 835 2280 895 pro
2338 821 2588 884 sancti

574 921 879 982 Antonii
922 921 1492 982 canonizatione
1515 931 1573 979 ⁰.

552 1217 612 1281 1.
656 1211 1067 1281 Exaltatur⁶
1118 1212 1332 1304 igitur
1384 1211 1692 1280 ecclesiae
1745 1211 1956 1292 fides;
2011 1211 2351 1279 altissima
2403 1236 2588 1279 com-

457 1318 820 1388 mendatur
867 1327 1237 1411 paupertas
1295 1341 1373 1387 ac
1426 1317 1713 1410 simplex
1770 1318 2121 1386 humilitas
2184 1317 2582 1388 honoratur.

457 1426 850 1512 Erubescit,
891 1450 1072 1494 caeca
1129 1437 1349 1495 mater
1398 1425 1681 1511 erroris,
1732 1424 2019 1517 persidia
2065 1435 2134 1493 et
2169 1425 2376 1493 livida
2431 1427 2588 1494 tabe

457 1533 820 1602 marcescit
877 1533 1199 1601 haeretica
1250 1531 1595 1626 pravitate
1634 1555 1827 1599 mens
1883 1530 2133 1600 stolida
2158 1545 2209 1599 ⁶.
2258 1532 2584 1623 Impietas

457 1641 747 1732 denique
801 1640 1184 1731 suspiciosa
1241 1638 1678 1708 confunditur
1734 1649 1804 1707 et
1849 1638 2277 1707 infidelitatis
2337 1640 2585 1730 cange,

457 1748 654 1840 quasi
694 1770 889 1816 novae
928 1747 1099 1815 lucis
1132 1757 1395 1832 exortu,
1430 1745 1910 1814 miraculorum
1957 1745 2438 1836 splendoribus
2469 1747 2591 1815 ab·

457 1856 797 1924 sorbetur.
858 1858 925 1922 2.
981 1854 1253 1924 Clamat
1305 1853 1621 1921 nimirum
1680 1877 1877 1922 sacer
1943 1853 2105 1922 cleri
2164 1864 2586 1934 conventus;

456 1961 871 2030 vociferatur
916 1959 1207 2029 devotus
1258 1960 1585 2052 populus;
1628 1982 1865 2029 omnes
1901 1960 2091 2028 una⁴
2127 1983 2295 2029 voce
2326 1971 2390 2028 et
2421 1985 2592 2028 una-

460 2069 622 2136 nimi
672 2068 1026 2137 voluntate
1077 2067 1528 2147 concordant;
1570 2076 1647 2135 ut
1688 2090 1813 2159 pro
1852 2067 2033 2136 beati
2075 2067 2356 2135 Antonii
2386 2091 2590 2136 cano·

461 2175 847 2244 nizatione⁶
899 2174 986 2242 ad
1025 2175 1283 2242 curiam
1329 2174 1641 2243 mittatur
1679 2174 1900 2242 modis
1942 2174 2259 2242 omnibus
2299 2174 2586 2243 instant.

457 2287 522 2353 3.
568 2282 677 2350 Fit
706 2281 993 2372 proinde
1024 2282 1293 2371 supers
1317 2280 1788 2373 hujuscemodi
1819 2281 2099 2373 negotio
2128 2281 2306 2349 inter
2336 2282 2590 2348 clerum

457 2401 525 2459 et
574 2389 900 2482 populum
958 2388 1285 2457 solemnis
1341 2388 1670 2456 collatio&
1726 2397 1793 2456 et
1842 2399 1918 2457 ut
1973 2388 2427 2456 multitudinis
2477 2412 2593 2455 cor

457 2522 665 2565 unum
688 2496 1095 2566 exaudiatur
1119 2496 1320 2588 pleno
1350 2495 1671 2564 desinitur
1692 2496 2000 2564 concilio.
2035 2499 2101 2564 4.
2128 2496 2307 2583 Quid
2337 2496 2529 2587 plura
2567 2500 2594 2563 Ρ

458 2604 710 2674 Scribit
751 2604 1115 2694 episcopus
1153 2626 1303 2671 cum
1344 2603 1550 2683 clem,
1594 2614 1907 2695 potestas
1937 2603 2243 2672 civitatis
2275 2627 2425 2671 cum
2467 2603 2594 2669 mi-

454 2711 692 2780 litibus
732 2721 800 2778 et
829 2711 1104 2802 popu10‚
1139 2721 1233 2796 et,
1261 2710 1550 2778 necdum
1589 2721 1747 2801 post
1776 2720 2064 2779 mortem
2108 2710 2328 2778 sancti
2360 2734 2595 2777 mense

456 2818 821 2910 complete,
845 2817 931 2885 ad
972 2817 1420 2908 apostolicam
1456 2817 1688 2886 sedem
1727 2817 2031 2898 nuntios,
2058 2840 2318 2885 morum
2360 2817 2595 2907 gravi-

456 2936 597 2996 tate
626 2925 966 3017 pollentes
995 2935 1064 2993 et
1092 2924 1480 2993 conditione
1517 2924 1977 3012 vener-abibe,
1999 2925 2500 2993 transmittunt.

545 3038 610 3102 5.
658 3032 820 3122 Qui,
876 3055 1084 3123 quum
1109 3031 1167 3111 ἦ,
1221 3031 1460 3122 paucis
1513 3031 1940 3123 interjectis?
1989 3031 2259 3110 diebuS‚
2316 3042 2597 3122 aposto-

457 3141 608 3208 licis
654 3164 730 3207 se
774 3138 1169 3230 aspectibus
1218 3149 1765 3230 praesentassent
1795 3149 1862 3207 et
1900 3139 2240 3207 adventus
2282 3138 2388 3205 sui
2434 3162 2596 3205 cau-

461 3272 608 3315 sam
648 3246 1017 3338 diligenter
1054 3246 1561 3336 exposuissent,
1620 3269 1660 3314 a
1714 3245 1989 3314 domino
2034 3245 2375 3337 Gregorio
2419 3269 2596 3335 papa

462 3378 639 3423 nono
695 3364 766 3421 et
810 3352 1138 3421 universa
1196 3352 1400 3421 curiae
1458 3352 1840 3444 frequentia
1891 3351 2288 3442 gratissime
2341 3351 2597 3442 recepti

461 3472 643 3530 sunt.
699 3463 766 3530 6.
813 3459 1149 3548 Quamvis
1193 3484 1326 3527 non
1367 3459 1802 3527 mediocriter
1829 3458 2022 3526 multi
2064 3481 2297 3525 eorum
2336 3457 2419 3524 de
2461 3460 2596 3525 ses-

460 3569 678 3635 tinata
728 3566 855 3634 Dei
911 3566 1134 3657 gloria
1191 3577 1257 3634 et
1319 3576 1668 3634 tantorum
1727 3565 2136 3633 mirabilium
2178 3565 2594 3633 subitatione

462 3672 1174 3766 superadmirarentur
1224 3672 1482 3742 audita.
1529 3676 1595 3743 7.
1640 3674 2081 3743 Convocatur
2119 3695 2360 3739 revera
2400 3695 2597 3739 sacra

462 3780 906 3851 cardinalium
961 3781 1193 3848 concio
1246 3791 1313 3848 et
1373 3804 1580 3872 super
1629 3779 2020 3848 nuntiorum
2061 3778 2596 3846 paduanorums'

461 3912 668 3959 causa
707 3885 1034 3954 solemnis
1072 3885 1456 3955 celebratur
1495 3887 1790 3956 collatio.
1836 3889 1903 3955 8.
1940 3886 2271 3965 Tandem,
2307 3885 2390 3952 de
2422 3909 2595 3954 com·

514 4101 559 4133 a.
586 4087 722 4132 Paris
743 4087 816 4132 De
837 4085 1001 4142 ipsius
1020 4086 1414 4132 canonizatione.
1440 4108 1496 4119 -
1523 4086 1567 4131 b.
1588 4085 1690 4130 Alc.
1713 4084 1795 4132 28ss
1809 4084 2080 4131 exaltatur.
2110 4107 2162 4120 -
2183 4097 2225 4130 c.
2249 4085 2384 4130 Paris
2403 4084 2596 4129 delusa.

462 4182 512 4194 -
531 4161 580 4205 d.
607 4159 725 4204 Luc.
743 4170 900 4205 orans
927 4169 1044 4202 una.
1064 4180 1118 4191 —
1139 4170 1181 4203 e.
1201 4158 1308 4203 Alc.
1329 4158 1411 4204 293
1430 4156 1829 4203 canonicatione.
1850 4179 1905 4189 —
1925 4157 1960 4213 f.
1977 4156 2083 4201 Alc.
2102 4157 2182 4202 286
2205 4167 2250 4202 et
2273 4156 2380 4201 Alc.
2401 4156 2481 4201 293
2505 4166 2595 4200 om.

461 4242 627 4288 super.
642 4253 696 4264 —
714 4240 762 4286 9.
784 4230 900 4275 Pad.
923 4228 1204 4275 collocutio.
1226 4251 1279 4263 -
1298 4230 1349 4274 ὴ.
1373 4228 1486 4274 Luc.
1508 4227 1645 4284 quod
1667 4229 1811 4274 dum.
1827 4250 1881 4261 —
1901 4227 1934 4273 i.
1952 4227 2085 4271 Paris
2105 4227 2307 4285 elapsis.
2332 4248 2385 4261 —
2399 4226 2440 4283 j.
2464 4225 2599 4271 Puris

466 4302 827 4349 Paduanorum
863 4300 1178 4347 nuntiorum.
