3109 4950
840 460 1218 507 Anm‘nous
1270 462 1359 507 nu
1410 463 1528 507 us,
1575 463 1662 508 ns
1713 462 1988 507 mooun
2354 443 2480 510 133

346 597 614 666 dientes
674 623 826 666 cum
877 601 1140 691 sappiS,
1195 601 1500 669 fecerunt
1536 600 1668 669 tria
1733 600 2063 669 foramina
2103 601 2172 668 in
2222 602 2481 692 capello

345 705 523 795 quod
564 705 635 772 in
676 707 896 797 capite
944 707 1428 798 deportabat“‚
1472 733 1596 776 nec
1643 719 1871 777 tamen
1929 719 2133 800 caput
2171 709 2318 798 ejus
2357 709 2484 776 ali-

344 823 684 902 quatenus
724 813 1123 904 tetigerunt.
1170 819 1233 885 7.
1279 819 1639 906 Quumque
1680 840 1962 907 puerum
2003 815 2087 884 de
2128 815 2256 884 sub
2297 826 2482 884 terra

347 920 750 1000 traxissent,
791 922 994 988 vivus
1047 923 1388 1013 apparuit,
1425 922 1545 990 sed
1596 922 1905 1014 graviter
1945 932 2477 1014 conquassatus.

344 1029 408 1094 8.
490 1029 1093 1119 Interrogantibus
1176 1041 1401 1097 autem
1483 1030 1814 1098 fratribus
1881 1030 2176 1121 qualiter
2245 1029 2481 1097 vivere

344 1144 614 1223 poterat
646 1135 775 1202 sub
822 1135 1042 1214 ruina,
1101 1136 1504 1227 respondit:
1554 1140 1810 1205 Beatus
1859 1137 2200 1205 Antonius
2260 1136 2481 1205 tenuit

346 1264 621 1308 manum
669 1266 860 1310 suam
916 1267 1123 1334 super
1171 1255 1410 1334 guttur
1447 1268 1694 1312 meum.
1739 1248 1805 1313 9.
1851 1244 2051 1332 Quod
2089 1243 2473 1324 audienteS‚

348 1347 657 1417 homines
688 1349 714 1392 ὁ
758 1350 872 1440 qui
922 1350 1294 1419 adstabant
1335 1355 1477 1419 Deo
1530 1361 1598 1419 et
1646 1352 1846 1420 beato
1885 1351 2186 1420 Antonio
2238 1362 2477 1443 grates

347 1455 613 1523 debitas
653 1458 1154 1548 persolverunt.

1133 1856 1488 1915 Addition
1531 1858 1639 1915 111
1674 1854 1713 1913 ¹.

440 2156 498 2219 1.
545 2156 623 2221 In
675 2152 952 2220 civitate
998 2152 1339 2222 Ulixbona
1383 2163 1530 2221 erat
1573 2153 1848 2245 quidam
1894 2153 2246 2244 parvulus,
2284 2156 2474 2223 Pari-

354 2260 491 2326 sius
520 2259 818 2345 nomine,
844 2261 1063 2328 sancti
1094 2261 1312 2351 patris
1342 2260 1563 2329 nostri
1588 2261 1868 2329 Antonii
1899 2260 2078 2329 linea
2106 2263 2474 2352 parentelae

354 2391 743 2457 germanus.

433 2479 497 2543 2.
550 2478 742 2542 Hunc
773 2498 1008 2566 quum,
1041 2475 1150 2542 die
1188 2475 1508 2567 quadam,
1551 2477 1745 2567 pueri
1785 2476 2087 2567 quidam,
2131 2477 2477 2568 spatiandi

351 2606 577 2660 causa,
622 2593 698 2649 ut
735 2581 964 2650 {etatis
1004 2582 1185 2649 illius
1226 2606 1374 2650 mos
1417 2593 1548 2659 est,
1597 2584 1934 2651 intrantes
1965 2607 2151 2651 mare
2182 2584 2252 2650 in
2285 2586 2477 2651 navi-

351 2690 493 2756 cula
526 2689 822 2780 quadam
844 2689 1152 2780 parvula,
1187 2713 1416 2757 secum
1442 2689 1791 2777 ducerent,
1819 2690 2046 2758 subito
2068 2701 2475 2785 tempestate

349 2795 574 2863 valida
619 2807 857 2863 exorta
898 2795 967 2863 in
1019 2797 1214 2875 mari,
1259 2796 1412 2886 ipsa
1453 2797 1766 2865 navicula
1816 2797 2085 2888 ipsique
2122 2821 2359 2865 omnes
2410 2800 2476 2866 in

350 2927 531 2970 mare
570 2903 1045 2971 fluctuantium
1084 2914 1445 2971 ventorum
1484 2905 1781 2995 impulsu
1823 2904 2060 2995 rapido
2114 2916 2274 2973 sunt
2314 2908 2476 2974 sub-

349 3010 576 3077 mersi.
625 3014 690 3078 3.
729 3010 1092 3079 Consociis
1132 3020 1359 3078 autem
1396 3011 1705 3101 praedicti
1737 3011 2079 3092 infantuli,
2122 3014 2280 3104 quia
2320 3038 2477 3103 pro-

349 3116 670 3184 vectioris
699 3117 928 3185 aetatis
968 3127 1165 3185 erant
1194 3128 1566 3208 natareque
1598 3129 1956 3199 noverant,
1993 3119 2471 3207 evadentibus,

351 3223 417 3291 in
453 3225 667 3291 maris
709 3224 1045 3314 profundo
1087 3225 1275 3291 solus
1315 3225 1645 3315 puerulus
1690 3224 1798 3293 hic
1841 3228 2195 3295 remansit.

432 3335 499 3398 4.
572 3334 934 3422 Quumque
1010 3331 1212 3399 matri
1268 3330 1352 3398 de
1413 3332 1884 3399 submersione
1942 3333 2062 3401 filii
2124 3334 2372 3402 suisset
2436 3359 2474 3401 a

352 3437 791 3505 narrantibus
856 3437 1265 3524 nuntiatum,
1335 3439 1764 3529 gemebunda
1838 3450 2057 3508 mater
2129 3440 2216 3507 ad
2282 3442 2475 3508 littus

351 3544 659 3612 celeriter
697 3545 1118 3635 properavit,
1152 3544 1531 3635 vidensque
1570 3545 1951 3635 piscatores
1992 3546 2164 3614 retia
2205 3549 2478 3615 mitten-

352 3660 451 3718 tes
498 3652 569 3718 in
622 3675 838 3729 mare,
884 3652 1195 3719 exoravit
1241 3652 1642 3743 suppliciter
1690 3662 1766 3719 ut
1807 3654 1976 3720 retia
2010 3654 2322 3743 jacerent
2360 3654 2475 3722 ubi

352 3757 526 3825 filius
558 3758 710 3849 ejus
746 3758 1150 3825 submersus
1191 3760 1436 3842 fuerat,
1479 3768 1557 3826 ut
1587 3783 1785 3851 quem
1823 3759 2217 3850 perdiderat
2245 3762 2476 3828 vivum

402 3948 445 3979 a.
470 3938 586 3980 Anc.
614 3936 719 3979 Atii
742 3938 926 3985 aulem.
955 3936 1293 3991 percutientes
1315 3936 1492 3993 sappis
1519 3936 1572 3980 in
1597 3938 1788 3993 capello
1825 3939 1958 3993 quod
1990 3943 2189 3994 florebat
2225 3940 2274 3983 in
2301 3942 2479 3996 capite.

356 4008 445 4050 tria
464 4007 721 4061 [oramina
741 4007 1078 4063 perfecerunt.
1104 4030 1157 4040 —
1180 4008 1221 4051 b.
1246 4010 1363 4051 Anc.
1383 4008 1614 4063 plurimi.

416 4170 462 4217 1.
497 4169 659 4219 Cette
695 4170 976 4220 troisleme
1007 4169 1277 4229 addition,
1301 4168 1440 4219 dans
1471 4170 1518 4220 le
1550 4171 1649 4220 Ms.
1677 4171 1811 4221 Pad.
1845 4176 1920 4233 7'1,
1949 4186 2007 4221 se
2036 4175 2228 4222 trouve
2258 4174 2290 4222 a
2322 4173 2375 4222 la
2406 4173 2478 4223 sin

361 4246 426 4296 du
458 4250 659 4300 recueil
691 4249 791 4300 des
824 4250 1077 4300 miracles
1120 4251 1465 4315 posthumes,
1510 4253 1676 4315 apres
1720 4252 1770 4301 le
1810 4251 2039 4316 prodige
2073 4252 2155 4303 De
2196 4257 2319 4303 voto
2348 4254 2478 4303 sub-

362 4330 543 4381 tracto.
