3109 4950
560 416 685 481 110
1018 433 1078 481 s,
1133 434 1421 481 Ani-orm
1469 433 1794 481 Leonum
1842 434 2085 494 enlm,
2136 414 2223 483 43

558 575 939 643 Hilarium⁰
990 596 1233 641 navem
1277 574 1864 656 conscenderunt;
1905 577 2269 665 quumque,
2312 575 2686 666 propellen-

551 683 738 751 tibus
779 704 927 750 eam
972 681 1202 761 remiS,
1245 680 1318 749 in
1355 681 1692 762 lacunam,
1741 705 1892 773 quae
1944 679 2031 750 ab
2091 681 2425 750 ecclesia⁶
2465 683 2687 751 sancti

553 789 839 880 Georgii
879 789 949 856 in
996 788 1217 880 Alega
1240 801 1267 832 ⁶
1300 788 1478 856 haud
1500 789 1536 832 ‘¹
1567 790 1771 881 longe
1817 788 2055 870 distat,
2090 788 2160 857 in
2191 788 2359 857 hora
2400 789 2687 881 comple-

549 896 709 964 torii
765 896 1326 987 pervenissente,
1397 906 1549 964 orta
1624 905 2033 987 tempestate
2095 896 2541 987 gravissima,
2600 896 2687 965 ad

552 1002 806 1070 dictum
836 1004 1058 1072 locum
1087 1003 1403 1095 refugere
1433 1003 1660 1071 conati
1683 1012 1845 1071 sunt
1864 1004 1927 1071 f.

641 1114 706 1178 2.
761 1109 1304 1178 Praevalescente
1344 1110 1527 1178 aeris
1586 1110 2016 1201 intemperie,
2070 1110 2155 1178 ad
2197 1111 2346 1179 loca
2398 1135 2686 1202 prorsus

553 1217 906 1308 incognita
956 1217 1165 1285 delati
1206 1226 1389 1286 sunt.
1448 1217 1585 1288 Vix
1624 1217 1913 1309 denique
1954 1241 2029 1286 se
2069 1217 2383 1287 videntes
2437 1242 2516 1287 ac
2567 1218 2685 1286 de-

550 1348 760 1415 super
796 1324 1273 1394 irruentibus8
1319 1336 1526 1393 vento
1579 1333 1646 1392 et
1692 1324 1949 1415 pluvia,
2012 1325 2094 1394 de
2153 1327 2373 1394 salute
2412 1326 2685 1417 penitus

552 1432 1026 1523 desperantes,
1076 1432 1537 1528 imminentem
1583 1431 1716 1500 sibi
1747 1442 2035 1501 mortem
2073 1433 2442 1502 accelerari
2473 1443 2542 1502 et
2571 1433 2684 1501 do·

550 1538 761 1606 lorem
809 1563 960 1607 cum
1003 1540 1147 1608 vita
1200 1539 1380 1606 finiri
1419 1537 1808 1630 cupiebant.
1848 1540 2135 1608 Flebant
2172 1541 2350 1609 enim
2377 1540 2408 1584 ἢ
2448 1564 2685 1609 omnes

550 1656 619 1714 et
649 1657 976 1715 sonantes
1008 1645 1373 1715 admodum
1414 1645 1749 1736 procellas
1794 1645 2248 1718 stridentibus
2289 1657 2683 1740 augmenta·

547 1753 716 1822 bant
771 1753 1208 1822 clamoribus.
1255 1757 1319 1822 3.
1370 1756 1579 1821 Facta
1620 1752 1838 1844 igitur
1887 1755 2369 1845 peccatorum?
2418 1754 2688 1823 confes-

559 1860 749 1928 sione
770 1861 799 1916 J'
837 1870 905 1928 et
934 1884 974 1929 a
1016 1860 1398 1935 sacerdote.
1433 1860 1546 1952 qui
1576 1883 1886 1951 praesens
1916 1860 2156 1930 aderat
2172 1862 2224 1942 '‘,
2259 1862 2690 1933 absolutione

551 1977 897 2058 suscepta,
956 1967 1142 2036 beati
1186 1967 1468 2035 Antonii
1532 1967 1931 2059 suppliciter
1984 1968 2385 2038 invocantes
2440 1968 2690 2037 suffra-

552 2074 665 2165 gia
684 2077 728 2154 Ι,
773 2075 957 2143 votis
992 2098 1066 2143 se
1106 2075 1417 2166 obligare
1448 2085 1823 2166 coeperunt.
1873 2074 2111 2170 4..Alii
2145 2098 2390 2145 navem
2419 2099 2687 2144 ceream

554 2195 699 2248 sem
750 2180 1032 2250 daturos
1060 2195 1093 2225 '⁸
1149 2181 1622 2273 spondebant3
1679 2181 1794 2249 alii
1829 2182 2073 2257 ,sancti
2113 2183 2335 2274 patris
2361 2196 2391 2226 ⁰
2457 2206 2686 2250 arcam

555 2288 860 2358 candelis
907 2289 1123 2358 cereis
1173 2289 1449 2381 cingere
1489 2289 1888 2358 statuebant
1910 2304 1974 2358 Ρ.

640 2401 704 2466 5.
750 2397 996 2466 Statim
1035 2407 1263 2466 autern
1293 2395 1546 2465 emisso
1585 2408 1771 2481 voto,
1807 2398 1986 2467 circa
2023 2421 2143 2467 eos
2174 2398 2472 2490 procella
2501 2397 2683 2490 quie-

603 2589 648 2621 a.
676 2577 778 2620 Alc.
803 2578 884 2622 286
908 2577 1143 2622 Narium.
1164 2600 1217 2609 —
1243 2577 1285 2621 b.
1314 2577 1447 2621 Paris
1467 2590 1497 2622 a
1526 2578 1650 2623 loco.
1691 2601 1747 2611 -
1789 2590 1833 2623 c.
1859 2579 1963 2623 Alc.
1997 2579 2077 2625 286
2099 2589 2202 2623 una
2228 2579 2389 2633 leuya.
2413 2601 2466 2610 —
2502 2578 2551 2623 d.
2577 2577 2683 2623 Alc.

548 2650 628 2693 286
652 2651 753 2692 aut.
780 2672 834 2681 —
858 2661 898 2693 e.
926 2648 1039 2693 Luc.
1060 2648 1387 2705 pervenisset.
1415 2648 1547 2693 Paris
1572 2649 1940 2695 convenissent.
1963 2674 2016 2683 —
2053 2651 2091 2706 Ῑ.
2115 2651 2219 2695 Ate.
2243 2650 2324 2695 286
2351 2662 2439 2693 om.
2466 2651 2601 2694 sunt.
2630 2672 2685 2682 —

547 2734 595 2777 9.
624 2720 755 2763 Paris
789 2720 1068 2766 ruentibus.
1110 2744 1163 2753 —-
1206 2722 1254 2765 h.
1294 2721 1428 2765 Paris
1469 2725 1658 2766 autem.
1699 2744 1752 2755 -
1796 2722 1827 2766 i.
1856 2721 1970 2766 Luc.
2010 2734 2099 2766 om.
2136 2725 2477 2778 peccatorum.
2502 2720 2612 2775 —j.
2639 2721 2684 2765 A

548 2792 690 2847 pai-tir
733 2792 788 2835 dc
830 2804 880 2835 cc
924 2795 1017 2836 mot
1044 2791 1371 2847 consessione,
1424 2794 1465 2836 la
1500 2794 1557 2835 tin
1594 2794 1653 2836 du
1701 2795 1820 2838 texte
1861 2796 2133 2837 concernunt
2163 2796 2235 2836 cet
2269 2790 2453 2848 episode
2490 2804 2685 2847 manque

548 2864 661 2906 dans
710 2864 751 2907 lc
798 2863 887 2907 Ms.
916 2864 971 2906 de
1006 2862 1229 2908 Lucerna.
1258 2863 1378 2908 Mais
1414 2876 1464 2907 cc
1491 2864 1636 2908 meme
1671 2864 1778 2918 Ms.,
1818 2877 1900 2920 par
1940 2865 2129 2908 ailleurs
2166 2868 2213 2908 et
2249 2867 2537 2920 auparavaut,
2562 2864 2685 2906 ainsi

548 2946 636 2989 que
675 2946 789 2977 nous
825 2935 994 2977 l'avons
1031 2932 1230 2990 indique,
1274 2947 1301 2977 a
1348 2933 1493 2979 donne
1549 2936 1609 2978 du
1666 2936 1852 2991 prodige
1890 2948 1978 2979 une
2022 2939 2149 2979 autre
2199 2936 2426 2978 nar-ration
2472 2932 2683 2987 abrs-ges,

548 3019 636 3062 que
686 3006 827 3050 voici:
884 3005 991 3048 Viri
1038 3008 1085 3049 et
1137 3006 1375 3050 mulieres
1429 3006 1570 3052 circa
1616 3007 1800 3062 viqinti
1839 3018 1940 3058 sex,
1991 3007 2055 3051 de
2110 3007 2218 3051 loco
2272 3006 2438 3051 sancti
2479 3004 2687 3057 Hilarii,

547 3077 870 3133 episcopatus
922 3077 1168 3127 Paduani,
1222 3077 1455 3121 Venetias
1492 3078 1808 3133 navigantes,
1859 3077 2006 3133 quasi
2046 3078 2096 3121 in
2148 3078 2312 3123 noctis
2368 3077 2682 3133 crepusculo,

546 3160 704 3206 prope
744 3149 991 3192 Sanctum
1028 3148 1298 3203 Georgium
1340 3149 1403 3192 de
1440 3149 1602 3205 Aleqa
1641 3152 2008 3206 pervenerunt.-
2046 3149 2150 3202 ubi,
2184 3152 2354 3193 exorta
2391 3150 2686 3204 tempestate

548 3220 851 3275 9ravissima
894 3222 939 3263 et
974 3219 1150 3275 pluvia
1199 3221 1418 3274 desuper
1459 3220 1754 3271 inundante,
1809 3221 2225 3276 circumfusaque
2276 3221 2431 3264 densa
2467 3218 2684 3274 caligine

551 3291 890 3345 tenebrarum,
936 3302 994 3334 ac
1040 3291 1193 3334 etiam
1240 3291 1402 3335 ventis
1444 3303 1545 3335 non
1589 3291 1826 3336 secundis
1866 3291 2121 3347 flantibus,
2175 3302 2334 3346 quum
2384 3291 2450 3335 ad
2492 3293 2682 3334 terram

549 3362 807 3418 applicare
856 3362 1136 3416 nequirent,
1195 3362 1247 3405 in
1306 3362 1556 3406 incertum
1612 3362 1853 3418 [luctibus
1898 3362 2243 3418 jactabantur.
2295 3363 2507 3407 Mortem
2564 3373 2681 3416 erqo

547 3433 865 3489 suspicantes
907 3433 968 3476 cte
1007 3433 1254 3489 proximo,
1291 3434 1519 3480 destituti
1560 3434 1778 3488 quolibet
1820 3435 2046 3479 humano
2088 3434 2294 3487 auxilio,
2333 3436 2542 3489 peccata
2585 3444 2680 3477 sua

548 3508 806 3561 coeperunt
829 3504 1033 3560 publica
1059 3505 1373 3559 consessione
1400 3506 1628 3561 deteqere
1661 3508 1824 3560 atque,
1852 3517 1880 3549 a
1903 3507 2163 3550 sacerdote
2195 3505 2283 3561 qui
2317 3516 2540 3561 praesens
2573 3507 2682 3548 erat

548 3576 860 3620 absolutione
881 3579 1102 3631 accepta,
1119 3587 1236 3620 cum
1262 3577 1383 3632 fletu
1408 3579 1453 3619 ct
1478 3576 1669 3631 ejulatu
1692 3576 2059 3621 BeatiAntonii
2077 3576 2440 3632 patrocinium,
2466 3574 2680 3619 diversis

546 3648 749 3692 diversa
779 3647 1072 3691 voventibus
1096 3658 1149 3690 se
1185 3647 1410 3700 daturos,
1449 3646 1765 3692 unanimiter
1793 3648 2108 3693 invocarunt.
2136 3648 2175 3693 Ο
2200 3647 2478 3692 beatissimi
2513 3646 2679 3691 Patris

544 3719 769 3774 potentia
799 3722 845 3762 et
873 3730 901 3762 o
931 3719 1039 3772 eJ'us
1070 3719 1337 3763 clementia
1374 3719 1692 3763 veneranda!
1729 3719 1915 3774 Adfuit
1952 3719 2358 3776 periclitantibus
2389 3730 2483 3775 per
2513 3718 2680 3762 sancti

545 3790 628 3834 sui
667 3791 847 3833 merita
888 3790 1023 3834 illico
1064 3790 1228 3833 virtus
1270 3790 1527 3834 Altissimi
1562 3793 1792 3841 exorata,-
1832 3790 1938 3845 qui,
1975 3791 2123 3847 prius
2162 3794 2454 3846 tempestate
2487 3791 2679 3841 sedata,

544 3861 769 3905 mirandi
796 3860 1007 3905 luminis
1040 3861 1319 3906 claritatem
1347 3861 1696 3906 oberrantibus
1728 3862 1780 3905 in
1816 3862 2032 3905 tenebris
2057 3863 2118 3905 de
2143 3862 2261 3905 navi
2282 3862 2590 3917 producens,
2614 3861 2679 3905 ad

544 3936 751 3990 portum
800 3933 983 3976 salutis
1030 3932 1309 3977 incolumes
1356 3933 1487 3977 mira
1535 3933 1788 3978 celeritate
1829 3933 2099 3988 produxit5
2145 3933 2436 3989 disparente
2481 3943 2679 3988 quoque

548 4004 734 4048 ibidem
766 4004 976 4055 lumine,
999 4016 1113 4047 cum
1137 4005 1300 4049 sancti
1322 4004 1419 4047 viri
1440 4004 1628 4048 ducatu
1647 4016 1700 4047 se
1723 4003 1902 4048 mortis
1926 4004 2161 4060 saucibus
2185 4007 2354 4048 erutos
2377 4003 2682 4047 mirabiliter

542 4076 848 4132 propensius
884 4075 1239 4123 acclamantes.
1274 4075 1440 4119 laudis
1473 4075 1634 4118 eidem
1664 4075 1887 4119 solemne
1919 4075 2228 4130 sacrificium
2263 4075 2599 4119 exsolverunt.
2625 4098 2680 4107 —

547 4147 593 4190 k.
622 4146 755 4190 Paris
788 4149 909 4189 erat.
935 4169 988 4177 —
1014 4146 1043 4189 l.
1076 4146 1203 4189 Paris
1228 4146 1355 4189 beati
1380 4145 1592 4190 Antonii
1631 4146 1977 4203 supplicantes
1997 4146 2258 4202 suffr-avia.
2283 4170 2336 4179 --
2365 4157 2435 4190 m.
2462 4147 2567 4190 Alc.
2597 4147 2678 4191 ‘286

543 4232 633 4263 om.
654 4230 723 4262 se.
742 4240 796 4250 —
828 4231 877 4261 n.
914 4217 1046 4262 Paris
1069 4218 1276 4262 daturos
1295 4230 1364 4263 se.
1389 4241 1441 4251 —
1471 4230 1515 4262 o.
1544 4217 1677 4262 Paris
1705 4230 1794 4262 om.
1817 4217 1997 4275 patris.
2022 4240 2073 4253 -
2098 4229 2151 4274 p.
2174 4218 2292 4262 Ano.
2318 4222 2443 4262 omet
2471 4219 2513 4262 le
2538 4215 2680 4263 detail

546 4291 606 4336 de
629 4302 705 4333 ces
728 4302 875 4334 vueux.
