3109 4950
566 433 697 499 216
923 451 981 497 s,
1036 450 1324 495 Ani-omn
1374 450 1696 496 Laesum
1747 456 1780 491 «
1829 450 2249 497 mumulus
2293 456 2328 491 »

563 599 1050 659 testamentum
1109 599 1310 657 vetus
1377 599 1444 656 et
1492 612 1744 656 novum
1802 589 2099 658 habebat
2153 613 2295 681 pree
2349 590 2693 669 manibuS‚

563 698 753 765 velut
791 697 964 765 alter
1005 696 1463 788 Hieronymus
1504 696 1744 763 doctor
1785 696 2091 765 ecclesiae
2145 697 2692 777 sacratissimus,

564 805 661 874 ita
692 828 978 896 prorsus
1016 804 1241 895 ipsum
1280 803 1545 871 sciebat
1583 803 1785 871 corde
1825 813 2050 883 tenus,
2077 804 2283 895 quod,
2308 804 2367 871 si
2398 829 2482 872 ex
2518 814 2692 878 toto,

566 911 746 1003 quod
777 911 982 991 absit,
1016 911 1263 979 fuisset
1291 911 1672 978 detractum
1712 910 1986 1001 penitus
2015 921 2083 978 et
2112 911 2468 991 amissum,
2494 920 2698 1001 prout

566 1018 947 1110 antiquitus
985 1019 1074 1086 ab
1112 1018 1228 1085 illo
1266 1017 1493 1085 Esdra
1543 1029 1961 1109 reparatum,
2006 1018 2106 1086 sic
2153 1017 2320 1085 illud
2361 1018 2444 1086 de
2483 1017 2696 1086 verbo

566 1125 652 1194 ad
715 1125 1001 1194 verbum
1062 1149 1182 1216 per
1242 1124 1496 1205 omnia,
1557 1148 1856 1215 superna
1924 1124 2055 1193 sibi
2112 1125 2495 1194 adsistente
2559 1123 2697 1193 cle-

566 1231 844 1313 mentia,
877 1232 948 1299 in
988 1241 1242 1300 statum
1276 1231 1641 1323 pristinum
1670 1231 2027 1300 refecisset
2063 1233 2106 1300 ¹.
2142 1236 2206 1301 3.
2243 1231 2426 1320 Quid
2455 1231 2698 1322 plura?

566 1343 748 1410 Vere
787 1339 953 1407 nibil
998 1363 1214 1408 sacrae
1254 1340 1613 1430 scripturae
1651 1338 2012 1407 deficiebat
2049 1338 2230 1431 quod
2269 1339 2448 1406 hunc
2486 1339 2696 1406 famu-

565 1448 703 1515 lum
746 1446 1017 1514 Domini
1055 1445 1378 1538 ignorare
1424 1446 1891 1537 contingebat.

654 1556 721 1622 4.
770 1556 1057 1644 Insuper
1094 1565 1162 1622 et
1202 1553 1409 1621 istam
1450 1576 1718 1621 sacram
1747 1553 2074 1645 paginam
2118 1553 2490 1622 secundum
2529 1576 2701 1644 qua·

567 1661 939 1752 druplicem
985 1660 1428 1741 intellectum,
1463 1661 1724 1729 scilicet
1765 1660 2234 1752 allegoricum,
2268 1659 2696 1738 historicum,

565 1767 1065 1858 tropologicum
1123 1777 1192 1834 et
1265 1767 1748 1858 anagogicum,
1814 1766 2379 1858 quemadmodum
2453 1766 2700 1834 beatus

570 1874 981 1965 Gregorius,
1025 1874 1463 1964 exposuisset
1500 1875 1584 1942 de
1633 1874 1862 1965 plano,
1898 1875 1958 1942 si
2009 1873 2388 1942 necessitas
2438 1872 2701 1941 adfuis-

570 1991 700 2051 set.
745 1987 809 2052 5.
854 1981 1030 2069 Quis
1082 1980 1297 2072 igitur
1335 1980 1865 2049 condecentibus
1913 1981 2143 2049 valeat
2189 1981 2466 2049 laudum
2506 1981 2701 2048 favo-

569 2088 762 2157 ribus
801 2097 1066 2156 tantum
1097 2099 1360 2180 patrem
1393 2088 1760 2156 extollere?
1793 2088 1919 2178 Hic
1956 2112 2272 2180 namque,
2303 2088 2374 2155 in
2414 2088 2521 2156 sui
2560 2088 2699 2155 fere

569 2219 988 2287 progressus
1029 2194 1425 2287 primordio,
1456 2195 1721 2263 cunctis
1760 2199 1913 2280 [145
1938 2195 1983 2264 b
2006 2199 2068 2278 2]
2099 2220 2173 2263 se
2216 2199 2359 2264 Deo
2400 2194 2698 2263 servien-

571 2303 757 2371 tibus
809 2302 879 2370 in
928 2303 1307 2394 exemplum
1361 2302 1668 2371 exhibuit
1717 2301 2311 2394 contemplationis
2350 2303 2694 2393 perfect-ze,

572 2409 975 2478 humilitatis
1014 2409 1392 2501 profundae,
1426 2409 1830 2478 obedientiae
1869 2419 2227 2502 promptae,
2270 2409 2360 2478 ad
2408 2409 2702 2479 salutem

572 2517 950 2585 animarum
993 2517 1309 2596 fervoris,
1361 2516 1743 2609 zelotypiae‚
1787 2517 2134 2609 aequitatis
2176 2517 2581 2585 omnimodae
2633 2530 2704 2585 et

569 2624 886 2692 discretae
928 2623 1239 2714 justitiae,
1285 2623 1355 2690 in
1402 2622 1740 2691 domando
1775 2647 2048 2692 carnem
2090 2622 2517 2692 austeritatis
2557 2623 2703 2691 exi·

569 2730 745 2812 miae,
789 2730 1146 2822 religionis
1188 2754 1330 2798 suae
1375 2730 1664 2821 grandis
1703 2729 2266 2799 honorificentiae.

1570 2997 1707 3094 M.

670 3251 726 3317 1.
780 3252 1093 3338 Longum
1135 3247 1368 3338 procul
1421 3247 1627 3316 dubio
1675 3247 1849 3315 foret
1905 3247 2088 3316 beati
2146 3249 2365 3340 patris
2417 3250 2700 3317 Antonii

571 3356 901 3424 virtutum
960 3355 1263 3446 insignia
1319 3354 1803 3445 percursitare,
1863 3366 2029 3447 quot
2084 3356 2527 3446 provincias3
2579 3368 2704 3425 aut

634 3568 678 3614 1.
716 3562 759 3612 ΙΙ
790 3565 875 3612 est
923 3561 1129 3618 inutile,
1173 3564 1227 3622 je
1270 3562 1432 3622 crois,
1478 3560 1547 3611 de
1595 3562 1733 3612 faire
1777 3562 2033 3613 ressortir
2068 3560 2601 3614 l’invralsemblance
2644 3565 2706 3613 et

568 3643 959 3706 l'exageratlon
991 3640 1219 3692 ridicule
1248 3641 1318 3692 de
1343 3655 1403 3692 ce
1434 3641 1623 3692 detail.

632 3728 677 3773 2.
716 3724 793 3774 Ce
825 3723 1096 3784 fragment
1139 3722 1189 3772 M
1222 3737 1283 3773 se
1318 3724 1582 3787 rapporte
1627 3737 1698 3772 au
1736 3723 1986 3789 chapItre
2017 3723 2085 3774 de
2114 3722 2170 3774 la
2205 3722 2437 3789 legenda
2474 3723 2661 3789 prima
2685 3739 2705 3773 .-

570 3804 847 3871 anmodo
872 3802 1123 3854 Paduam
1152 3807 1302 3854 veni!
1327 3806 1378 3852 ec
1401 3804 1642 3868 qualiter
1667 3803 1865 3855 ibidem
1882 3804 2211 3871 praedicavit
2242 3804 2365 3868 (Ms.
2398 3804 2586 3854 Paris:
2617 3803 2704 3854 De

566 3884 818 3952 generali
854 3883 1079 3935 licencia
1105 3883 1452 3948 praedicandi
1478 3884 1591 3934 sibi
1620 3883 1774 3948 data)
1814 3887 1872 3935 et
1920 3897 1987 3935 en
2019 3885 2292 3950 complete
2322 3885 2404 3935 les
2432 3885 2705 3949 premiers

569 3964 968 4031 paragrapheS.
1002 3965 1089 4029 (V.
1114 3977 1314 4028 supra:
1349 3963 1476 4030 Leg.
1506 3965 1712 4029 prima,
1739 3967 1816 4025 11,
1846 3973 1920 4013 η’·
1947 3968 1971 4014 1
2002 3967 2058 4015 et
2086 3965 2156 4028 2.)

631 4051 677 4096 3.
717 4044 962 4110 Longam
985 4046 1165 4110 foret..
1196 4048 1324 4108 qaae
1349 4045 1712 4109 provincias:
1744 4045 2103 4109 expressions
2134 4044 2202 4095 de
2231 4044 2415 4095 Julien
2441 4043 2509 4095 de
2536 4043 2704 4108 Splre

571 4126 713 4190 (cap.
738 4125 809 4188 11)
834 4128 890 4175 et
913 4124 986 4175 du
1013 4123 1284 4191 Dialogus
1312 4124 1418 4185 (ed.
1449 4125 1758 4186 LemmenS,
1781 4139 1835 4188 p.
1860 4125 1926 4188 7).
1951 4125 2026 4177 Le
2051 4123 2221 4176 debut
2240 4124 2308 4175 de
2329 4126 2474 4176 cette
2493 4124 2704 4189 phrase

571 4204 839 4270 reppello,
867 4219 933 4255 en
964 4208 1141 4265 outre,
1170 4218 1309 4269 pour
1340 4206 1390 4256 le
1419 4218 1546 4255 sens
1577 4208 1633 4256 et
1662 4206 1742 4256 les
1771 4206 2142 4270 expressions,
2181 4218 2257 4255 un
2286 4215 2526 4269 passage
2547 4203 2618 4256 de
2645 4204 2704 4256 la

572 4284 805 4352 legenda
828 4285 1033 4352 prima.
1072 4285 1159 4348 (V.
1192 4298 1364 4350 supra
1386 4297 1398 4334 :
1425 4285 1555 4352 Leg.
1580 4287 1786 4353 prima,
1812 4289 1887 4348 11,
1911 4295 1968 4336 n·
1996 4285 2065 4352 1.)
