3109 4950
580 402 703 470 102
930 461 943 472 ,
1042 421 1103 467 s,
1156 419 1445 468 Auronn
1493 420 1814 467 mor-mm
1866 420 2108 483 raim,
2159 401 2243 467 37

572 593 733 638 osse
763 568 1082 660 quodam,
1110 568 1446 661 gibbosus
1472 568 1902 651 incessisset,
1937 568 2155 637 ferula
2184 568 2526 660 quadam⁰
2561 592 2706 637 sus·

572 686 908 760 tent-atuS,
942 699 1184 744 manus
1211 674 1297 743 ad
1329 700 1552 768 genua
1574 676 1600 719 ὁ
1631 686 1995 767 protensas
2018 690 2045 721 ⁶
2068 676 2353 744 ferebat.
2391 678 2455 743 2.
2491 677 2708 763 Quem

576 807 781 875 quum
813 793 1030 851 mater
1059 782 1207 874 ejus
1228 783 1265 826 ά
1303 783 1389 850 ad
1430 784 1652 852 saneti
1684 784 1968 851 Antonii
2002 783 2362 869 tumulum,
2398 781 2506 849 die
2547 805 2705 872 qua-

576 889 758 971 dam,
789 889 1037 959 devota
1064 889 1524 982 perduxisset,
1556 914 1768 981 supra
1800 891 2192 981 sepulcrum
2224 889 2519 981 posituS,
2553 913 2710 957 mox

575 998 1013 1066 decrescente
1071 997 1305 1089 gibbo,
1367 996 1722 1066 descendit
1779 1008 1870 1080 et,
1914 997 2202 1066 dimissa
2259 997 2499 1079 serula,
2558 1019 2709 1064 cum

577 1115 795 1173 matre
826 1104 1098 1173 domum
1128 1114 1357 1173 rectus
1380 1117 1406 1148 θ
1449 1104 1729 1173 advenit
1751 1105 1813 1173 s.

666 1216 731 1282 3.
783 1214 860 1279 In
900 1211 1177 1280 civitate
1216 1210 1648 1280 Tarvisinas
1686 1223 1835 1281 erat
1873 1211 2138 1286 mulier.
2175 1211 2443 1280 nomine
2484 1215 2709 1280 Vene-

577 1319 843 1407 tianah,
881 1343 1057 1410 quae,
1083 1318 1170 1387 ab
1209 1318 1409 1388 annis
1449 1318 1717 1388 duobus
1747 1330 1817 1388 et
1845 1343 1926 1387 eo
1956 1319 2274 1411 amplius,
2310 1318 2592 1409 gibbum
2623 1318 2711 1386 ad

579 1427 799 1495 instar
838 1426 1039 1518 panis
1081 1450 1288 1517 super
1326 1426 1611 1517 pectusi
1650 1436 2070 1517 portaverat.
2116 1429 2312 1515 Quae,
2346 1450 2552 1518 quum
2594 1449 2713 1493 ne-

580 1533 904 1601 cessitate
934 1530 1225 1624 quadam
1257 1531 1344 1600 ad
1373 1532 1598 1601 locum
1628 1533 2016 1624 quempiam
2049 1533 2473 1624 procederet,
2509 1540 2715 1622 caput

580 1640 667 1708 ad
715 1663 939 1732 genua
992 1650 1393 1731 protensum
1454 1640 1856 1710 reclinabat.
1902 1643 1967 1708 4.
2013 1640 2316 1709 Veniens
2375 1639 2589 1732 igitur
2628 1638 2715 1706 ad

578 1748 764 1816 beati
784 1746 1002 1837 patris
1023 1744 1051 1802 5
1082 1746 1365 1815 Antonii
1399 1747 1759 1827 tumulum,
1794 1746 2036 1815 diebus
2067 1746 2334 1817 duobus
2363 1747 2394 1791 ἢ
2419 1745 2716 1815 orationi

580 1853 834 1923 institit
871 1863 963 1936 et,
998 1854 1426 1946 complanato
1467 1853 1678 1945 gibbo
1715 1878 1795 1923 ac
1839 1855 2105 1923 elevato
2143 1854 2389 1945 capite,
2439 1852 2715 1922 domum

581 1961 808 2030 rediit.

672 2073 736 2138 5.
781 2068 909 2137 Vir
945 2067 1221 2159 quidam
1265 2068 1305 2150 ¹,
1351 2068 1763 2137 Guidotusm
1797 2069 2091 2149 nomine,
2134 2092 2365 2160 quum,
2410 2077 2717 2159 tempore

584 2175 902 2268 quodam,
944 2175 1356 2267 aegritudine
1401 2176 1662 2244 nimian
1713 2176 2083 2256 laboraret,
2128 2176 2494 2244 confractis
2537 2175 2719 2243 reni-

584 2284 736 2367 bUS,
775 2283 1058 2375 gibbum
1109 2283 1491 2365 contraxit3
1526 2307 1866 2375 quumque
1921 2308 2056 2351 non
2098 2283 2231 2351 nisi
2278 2283 2517 2351 ferulis
2559 2306 2718 2351 sus-

583 2401 892 2460 tentatus
929 2389 1244 2458 incedere
1282 2391 1544 2459 valeret
1566 2404 1622 2471 ⁰,
1675 2400 1880 2483 caput
1919 2414 2117 2459 suum
2157 2390 2294 2458 fere
2344 2389 2430 2458 ad
2460 2400 2719 2458 terram

584 2498 998 2590 applicabat.
1059 2501 1125 2567 6.
1188 2499 1408 2585 Quem
1465 2522 1672 2590 quum
1732 2510 1947 2567 mater
1997 2500 2171 2590 ejus,
2230 2498 2719 2589 recuperandae

586 2606 832 2674 salutis
863 2605 1116 2697 gratia,
1150 2605 1236 2673 ad
1278 2606 1664 2697 sepulcrum
1693 2605 1877 2674 beati
1909 2606 2191 2675 Antonii
2222 2606 2378 2674 duci
2411 2605 2716 2687 fecisset,

584 2736 739 2781 mox
788 2736 909 2803 per
963 2724 1180 2782 totum
1241 2737 1488 2803 corpus
1531 2714 1747 2781 tantis
1788 2713 1991 2804 coepit
2028 2713 2262 2804 urgeri
2290 2728 2328 2768 Ρ
2367 2712 2719 2781 doloribus

583 2830 682 2900 ut,
718 2844 858 2911 prae
891 2820 1239 2909 angustia,
1274 2820 1710 2888 vehementer
1745 2820 2048 2888 sudaret.
2082 2819 2464 2888 Recedente
2490 2829 2721 2888 autem

585 2926 817 2993 dolore
834 2940 888 3002 ⁹,
932 2926 1039 2993 vir
1078 2927 1301 2994 dictus
1335 2951 1532 2994 renes
1575 2927 1882 2995 extendit
1929 2937 1997 2993 et
2035 2950 2157 3017 per
2198 2926 2421 2995 sancti
2474 2926 2719 2994 merita

588 3056 743 3101 mox
772 3033 1023 3124 gibbus
1055 3034 1166 3101 ille
1188 3047 1215 3077 r
1253 3033 1615 3125 disparuit.

642 3378 687 3408 a.
714 3363 846 3407 Paris
869 3378 958 3409 om.
975 3366 1213 3421 quadam.
1229 3390 1282 3399 —
1303 3367 1345 3411 b.
1367 3366 1479 3412 Luc.
1497 3378 1645 3420 qenu.
1661 3389 1714 3398 -
1734 3377 1777 3409 c.
1797 3364 1928 3409 Paris
1949 3364 2403 3420 protendens.—d.
2431 3364 2565 3409 Paris
2591 3366 2720 3421 place

587 3437 643 3479 ici
667 3436 749 3480 die
774 3438 1010 3491 quadam,
1036 3438 1144 3493 qu'il
1168 3442 1290 3481 omet
1313 3439 1417 3493 plus
1445 3439 1548 3481 loin.
1571 3462 1623 3469 —
1639 3449 1679 3480 e.
1703 3436 1818 3481 Luc.
1844 3449 1930 3479 om.
1951 3438 2132 3481 rectus.
2149 3460 2203 3468 -—
2223 3436 2259 3491 f.
2282 3436 2415 3480 Paris
2441 3437 2718 3491 repedavit.

586 3531 639 3539 —
668 3520 713 3563 9.
753 3508 856 3551 Alc.
894 3510 975 3553 ζ286
1018 3509 1295 3553 Trevisina.
1337 3509 1450 3553 Luc.
1490 3513 1537 3552 et
1574 3509 1707 3552 Paris
1751 3508 2029 3552 Tervisina.
2069 3508 2186 3551 Anc.
2232 3507 2446 3552 Trivilii.
2493 3508 2723 3562 Dialogus

593 3578 814 3623 Trivisii.
832 3582 947 3624 -1ι.
967 3579 1101 3624 Paris
1126 3581 1427 3624 Necemana.
1445 3604 1497 3612 —
1524 3581 1555 3624 ἰ.
1580 3580 1681 3624 Ate.
1707 3581 1787 3624 ‘28ss
1810 3592 1898 3622 om.
1925 3582 2117 3634 pectus.
2136 3579 2236 3634 -J.
2266 3579 2397 3624 Paris
2421 3592 2511 3623 om.
2537 3579 2718 3634 patris.

585 3674 638 3683 —-
677 3650 722 3694 k.
751 3652 865 3694 Aue.
898 3651 1058 3695 tribus
1095 3651 1285 3695 diebus.
1310 3675 1363 3684 —-
1401 3652 1431 3695 l.
1461 3652 1575 3696 Luc.
1606 3651 1840 3707 Siqnum.
1879 3650 1970 3694 Vir
2010 3650 2236 3705 quidam.
2260 3674 2313 3683 -—
2351 3663 2419 3695 m.
2446 3651 2553 3695 Nat.
2591 3651 2724 3697 14363

594 3722 911 3767 W‘indoctus.
938 3724 1051 3766 Anc.
1088 3722 1367 3768 Veridolus.
1398 3723 1621 3775 Dialogus
1652 3722 1932 3767 Veridotus.
1962 3745 2015 3754 —
2036 3733 2084 3765 n.
2117 3721 2250 3766 Paris
2278 3734 2366 3767 om.
2394 3721 2570 3766 nimia.
2596 3746 2650 3754 —
2674 3736 2721 3767 o.

591 3794 722 3839 Paris
755 3795 856 3838 add.
895 3798 957 3839 et.
982 3817 1035 3827 -
1076 3807 1128 3850 p.
1160 3795 1289 3839 Paris
1318 3795 1467 3851 coepit
1498 3794 1684 3850 urgeri.
1723 3817 1776 3826 —
1812 3804 1859 3848 Q.
1900 3792 2033 3837 Paris
2069 3794 2271 3838 sudore.
2295 3817 2350 3826 -
2389 3806 2428 3838 r.
2457 3793 2590 3838 Paris
2627 3806 2720 3839 om.

589 3868 693 3912 ille.
