3109 4950
1143 464 1665 513 mmonucnou
2348 441 2473 512 179

432 610 529 677 Ab
572 608 738 693 ipsis
773 628 996 697 prope
1029 608 1461 677 incunabulis
1501 608 1731 673 multa
1757 604 1900 695 fuit
1923 628 2199 672 morum
2235 605 2471 694 probi·

342 728 487 782 tate
524 727 588 781 et
631 714 1075 803 integritate,·
1118 735 1268 792 nee,
1315 713 1497 782 sicut
1552 726 1794 779 tenera
1843 734 2238 803 puerorum
2297 715 2476 783 solet

337 830 539 906 aetes,
597 821 837 891 mundi
895 821 1240 890 lasciviam
1305 833 1367 886 ec
1429 819 1816 887 vertitatem
1875 821 2276 909 complexus
2329 826 2435 889 est
2449 844 2474 903 ,-

337 932 488 1011 sed,
522 930 859 998 bonorum
898 936 1263 1012 parentum
1294 927 1598 994 sedulus
1640 926 1982 1011 imitator,
2017 927 2473 1005 ecclesiarum

339 1045 407 1105 et
449 1036 1027 1106 monasteriorum
1060 1034 1267 1101 crebo
1307 1035 1574 1104 terebat
1612 1034 1850 1103 iimina
1891 1052 2275 1120 manusque
2313 1052 2478 1102 sues

344 1144 640 1212 libenter
686 1144 1095 1212 extendebat
1151 1145 1242 1211 ad
1286 1160 1656 1227 pauperes,
1729 1155 1804 1208 ut
1846 1142 2136 1209 illorum
2178 1141 2474 1226 inopiam

341 1251 771 1333 sublevarer,-
808 1262 883 1316 ιιι
914 1262 1156 1338 posset
1190 1250 1260 1316 in
1304 1250 1509 1315 illum
1553 1271 1834 1337 quoque
1863 1261 2251 1339 competere
2280 1248 2479 1335 quod

345 1357 435 1423 cle
492 1380 568 1423 se
623 1357 1080 1425 beatissimus
1137 1356 1270 1422 [οὐ
1319 1357 1476 1423 ait:
1516 1356 1626 1422 Ab
1672 1355 1989 1443 infantia
2044 1378 2200 1422 mea
2263 1356 2478 1423 erevit

348 1487 620 1531 mecum
677 1464 1043 1531 miseratio
1072 1464 1119 1530 ¹.
1162 1467 1380 1530 Pater
1414 1465 1571 1552 ejus
1613 1463 1718 1529 vir
1758 1463 2024 1530 nobilis
2067 1463 2233 1551 fuit,
2280 1464 2477 1532 miles

347 1570 675 1656 alphonsi
721 1570 923 1657 regis,
983 1572 1319 1640 Martinus
1369 1571 1682 1653 nomine,·
1737 1578 1959 1640 meter
2005 1571 2182 1659 ejus,
2236 1571 2470 1654 Maria,

348 1698 481 1748 non
514 1677 747 1747 intimo
779 1700 1035 1769 genere
1068 1678 1296 1767 fuit...
1319 1679 1370 1745 2.

438 1787 630 1855 Nulla
692 1804 985 1870 prorsus
1034 1784 1459 1874 flectebatur
1518 1803 1977 1870 personarum
2030 1785 2435 1870 acceptione
2451 1810 2474 1868 ,-

350 1895 530 1962 nulla
580 1892 971 1961 adulatione
1030 1892 1532 1974 molliebatur‚·
1600 1914 1742 1958 non
1797 1892 2184 1982 popularis
2240 1906 2479 1959 trans-

352 2021 626 2066 versum
669 1998 1000 2087 rapiebat
1031 1998 1244 2087 favor
1272 2012 1336 2066 et
1365 1999 1652 2088 opinio;
1684 1999 1833 2080 sed,
1852 1999 2079 2088 juxta
2115 2000 2480 2088 prophetae

354 2128 608 2185 vocem,
666 2105 887 2192 quasi
922 2105 1343 2194 plaustrum
1414 2105 1853 2186 tonitruans,
1915 2106 2189 2173 habens
2241 2118 2480 2173 rostra

350 2212 741 2291 serrantia,
786 2224 1057 2279 montes
1101 2212 1587 2279 comminuit?
1645 2214 2012 2282 Videbatur
2062 2213 2259 2298 quasi
2301 2215 2482 2281 alter

345 2320 708 2409 prodiisse
753 2320 953 2402 Elias,
994 2321 1143 2388 zelo
1184 2320 1302 2387 Dei
1339 2321 1629 2402 tervens,
1676 2318 2275 2406 inflammatusque
2328 2320 2478 2406 igne

350 2427 647 2511 Spiritus
673 2426 919 2510 sancti,
949 2425 1176 2513 ignitis
1198 2426 1649 2494 sermonibus
1679 2426 2115 2495 accendebat
2144 2440 2208 2495 et
2236 2428 2478 2498 urebat

352 2536 770 2602 auditorum
871 2534 1138 2622 tepida,
1237 2534 1601 2619 torpentia,
1701 2534 1946 2620 frigida
2024 2542 2093 2605 et
2181 2537 2476 2606 obscura

352 2640 715 2711 corda...‘·.
824 2669 831 2675 ·

438 2749 598 2816 Fuit
638 2760 877 2815 autem
910 2748 1053 2817 viro
1086 2747 1204 2816 Dei
1246 2748 1325 2815 id
1348 2747 1800 2839 praecipuum
1837 2768 2117 2833 semper
2172 2751 2476 2819 studium

350 2870 414 2921 et
449 2867 756 2923 conatus
798 2867 1183 2944 perpetuus
1224 2868 1299 2921 ut
1347 2855 2008 2944 perniciosissimas
2062 2858 2473 2941 vulpeculae,

350 2982 503 3048 quae
529 2962 996 3032 demoliuntur
1025 2963 1287 3031 vineam
1331 2963 1598 3032 Domini
1633 2963 1953 3045 Sabaoth,
1992 2986 2235 3052 nempe
2259 2964 2480 3030 Izoere-

357 3070 527 3136 ticos
570 3069 982 3158 pestilentes
1018 3077 1087 3137 et
1124 3070 1327 3139 falsas
1365 3089 1606 3140 eorum
1647 3069 2024 3153 doctrinas,
2055 3089 2186 3155 pro
2224 3071 2481 3139 viribus

354 3184 803 3263 oppugnaret,
855 3175 1161 3245 funditus
1224 3179 1619 3245 destrueret
1683 3197 1773 3258 <ze
1824 3176 2160 3247 radicitus
2223 3177 2481 3246 exstir-

353 3292 579 3367 paret.
625 3281 1148 3351 Haeresiarches
1196 3283 1551 3370 quosdam
1603 3282 1671 3350 in
1716 3281 2015 3367 publicis
2064 3283 2482 3367 disputatio-

357 3389 580 3473 nibus,
642 3388 953 3472 Arimini,
1011 3391 1273 3459 Tolosae
1321 3403 1383 3456 et
1439 3390 1828 3468 Mediolani,
1884 3391 2140 3479 palam
2188 3390 2484 3459 convicit

356 3504 427 3565 et
495 3515 779 3566 errores
835 3515 1076 3565 eorum
1143 3515 1379 3566 coram
1442 3497 1759 3566 omnibus
1833 3497 2228 3566 confutavit.
2300 3499 2481 3566 Adeo

358 3604 541 3669 enim
593 3605 987 3671 instructus
1037 3612 1190 3672 erat
1237 3615 1301 3669 et
1353 3604 1750 3673 efficacibus
1798 3603 2172 3688 scripturae
2225 3603 2483 3671 divinae

355 3711 715 3780 sententiis
771 3723 836 3800 et
892 3710 1131 3780 solidis
1183 3729 1268 3779 ac
1319 3711 1725 3800 perspicuis
1780 3709 2162 3780 rationibus
2225 3723 2301 3776 ut
2361 3710 2490 3797 qui

425 3917 467 3965 1.
502 3915 630 3976 Jon,
664 3914 866 3974 XXXI,
897 3917 975 3963 18.

426 3998 469 4044 2.
504 3997 737 4057 Sumus,
764 3998 802 4044 t.
828 3994 928 4055 111,
961 4008 1014 4059 p.
1040 3997 1150 4045 611.
1176 4022 1240 4032 -
1269 3993 1358 4046 Cf.
1382 3994 1514 4060 Leg.
1540 3994 1893 4061 Benignitas,
1921 3996 1960 4046 r·
1985 3999 2073 4046 144
2099 3995 2134 4046 b
2162 3998 2183 4045 1
2207 4010 2219 4058 ;
2254 3996 2391 4059 trag.
2419 3998 2486 4057 Α,

365 4088 405 4124 n
428 4078 676 4217 aflztmie,
708 4155 849 4212 XLI,
885 4157 963 4204 15.

430 4240 473 4286 4.
509 4236 737 4296 Sumus,
771 4238 808 4285 Ι..
835 4235 936 4296 ΙΙΙ,
962 4249 1015 4299 p.
1041 4239 1151 4286 614.
1173 4263 1236 4273 —
1268 4236 1351 4287 Cr.
1381 4236 1511 4301 Leg.
1543 4235 1894 4302 Benignitas,
1923 4237 1961 4286 Ρ
1988 4241 2077 4287 145
2107 4237 2141 4288 b
2171 4240 2225 4298 1;
2260 4236 2396 4300 frag.
2423 4238 2488 4298 Κ,

363 4325 445 4365 11⁶·
470 4320 572 4367 6-8.
