<?xml version="1.0" encoding="UTF-8"?>
<!DOCTYPE html PUBLIC "-//W3C//DTD XHTML 1.0 Transitional//EN"
    "http://www.w3.org/TR/xhtml1/DTD/xhtml1-transitional.dtd">
<html xmlns="http://www.w3.org/1999/xhtml" xml:lang="en" lang="en">
 <head>
  <title>
</title>
<meta http-equiv="Content-Type" content="text/html;charset=utf-8" />
  <meta name='ocr-system' content='tesseract 3.04.00' />
  <meta name='ocr-capabilities' content='ocr_page ocr_carea ocr_par ocr_line ocrx_word'/>
</head>
<body>
  <div class='ocr_page' id='page_1' title='image "./sanctiantoniide01kervgoog_0238.png"; bbox 0 0 3109 4950; ppageno 0'>
   <div class='ocr_carea' id='block_1_1' title="bbox 535 425 2305 493">
    <p class='ocr_par' dir='ltr' id='par_1_1' title="bbox 535 425 2305 493">
     <span class='ocr_line' id='line_1_1' title="bbox 535 425 2305 493; baseline -0.002 -2"><span class='ocrx_word' id='word_1_1' title='bbox 535 425 665 492; x_wconf 80' lang='lat'>208</span> <span class='ocrx_word' id='word_1_2' title='bbox 891 446 951 491; x_wconf 90' lang='lat' dir='ltr'>S.</span> <span class='ocrx_word' id='word_1_3' title='bbox 1004 445 1294 491; x_wconf 72' lang='lat' dir='ltr'>ANTONII</span> <span class='ocrx_word' id='word_1_4' title='bbox 1344 445 1667 491; x_wconf 67' lang='lat' dir='ltr'><strong>LEGENDA</strong></span> <span class='ocrx_word' id='word_1_5' title='bbox 1719 452 1751 487; x_wconf 72' lang='lat' dir='ltr'>t(</span> <span class='ocrx_word' id='word_1_6' title='bbox 1805 445 2226 493; x_wconf 76' lang='lat' dir='ltr'><strong>BENIGNITAS</strong></span> <span class='ocrx_word' id='word_1_7' title='bbox 2271 452 2305 488; x_wconf 83' lang='lat'>))</span> 
     </span>
    </p>
   </div>
   <div class='ocr_carea' id='block_1_2' title="bbox 521 584 2668 2364">
    <p class='ocr_par' dir='ltr' id='par_1_2' title="bbox 521 584 2668 1747">
     <span class='ocr_line' id='line_1_2' title="bbox 535 584 2665 676; baseline 0.001 -24"><span class='ocrx_word' id='word_1_8' title='bbox 535 585 762 653; x_wconf 88' lang='lat' dir='ltr'>carnis</span> <span class='ocrx_word' id='word_1_9' title='bbox 795 608 927 651; x_wconf 92' lang='lat' dir='ltr'>non</span> <span class='ocrx_word' id='word_1_10' title='bbox 967 584 1223 671; x_wconf 87' lang='lat' dir='ltr'>infima,</span> <span class='ocrx_word' id='word_1_11' title='bbox 1270 584 1491 652; x_wconf 84' lang='lat' dir='ltr'>Maria</span> <span class='ocrx_word' id='word_1_12' title='bbox 1525 585 1819 667; x_wconf 86' lang='lat' dir='ltr'>nominc,</span> <span class='ocrx_word' id='word_1_13' title='bbox 1870 584 1956 652; x_wconf 85' lang='lat' dir='ltr'>ab</span> <span class='ocrx_word' id='word_1_14' title='bbox 1997 584 2167 676; x_wconf 90' lang='lat' dir='ltr'>ipsis</span> <span class='ocrx_word' id='word_1_15' title='bbox 2208 584 2416 652; x_wconf 87' lang='lat' dir='ltr'>ferme</span> <span class='ocrx_word' id='word_1_16' title='bbox 2457 610 2665 654; x_wconf 88' lang='lat' dir='ltr'>cuna-</span> 
     </span>
     <span class='ocr_line' id='line_1_3' title="bbox 532 692 2664 783; baseline 0 -24"><span class='ocrx_word' id='word_1_17' title='bbox 532 692 713 760; x_wconf 84' lang='lat' dir='ltr'><strong>bulis</strong></span> <span class='ocrx_word' id='word_1_18' title='bbox 779 701 1077 771; x_wconf 76' lang='lat' dir='ltr'>aetatcm,</span> <span class='ocrx_word' id='word_1_19' title='bbox 1122 692 1414 782; x_wconf 88' lang='lat' dir='ltr'>quodam</span> <span class='ocrx_word' id='word_1_20' title='bbox 1471 692 1845 783; x_wconf 61' lang='lat' dir='ltr'>praesagio,</span> <span class='ocrx_word' id='word_1_21' title='bbox 1886 716 2148 759; x_wconf 91' lang='lat' dir='ltr'>morum</span> <span class='ocrx_word' id='word_1_22' title='bbox 2210 692 2521 761; x_wconf 87' lang='lat' dir='ltr'>decentia</span> <span class='ocrx_word' id='word_1_23' title='bbox 2552 717 2664 760; x_wconf 93' lang='lat' dir='ltr'>ve-</span> 
     </span>
     <span class='ocr_line' id='line_1_4' title="bbox 532 799 2664 890; baseline 0 -24"><span class='ocrx_word' id='word_1_24' title='bbox 532 799 881 867; x_wconf 85' lang='lat' dir='ltr'>nustabat.</span> <span class='ocrx_word' id='word_1_25' title='bbox 909 802 972 866; x_wconf 89' lang='lat'>2.</span> <span class='ocrx_word' id='word_1_26' title='bbox 1000 799 1229 890; x_wconf 88' lang='lat' dir='ltr'>Coepit</span> <span class='ocrx_word' id='word_1_27' title='bbox 1258 823 1549 889; x_wconf 88' lang='lat' dir='ltr'>namque</span> <span class='ocrx_word' id='word_1_28' title='bbox 1572 799 1766 867; x_wconf 68' lang='lat' dir='ltr'>bona}</span> <span class='ocrx_word' id='word_1_29' title='bbox 1798 799 2051 866; x_wconf 89' lang='lat' dir='ltr'>indolis</span> <span class='ocrx_word' id='word_1_30' title='bbox 2078 823 2232 866; x_wconf 86' lang='lat' dir='ltr'>csse</span> <span class='ocrx_word' id='word_1_31' title='bbox 2258 799 2664 868; x_wconf 84' lang='lat' dir='ltr'>adolescens</span> 
     </span>
     <span class='ocr_line' id='line_1_5' title="bbox 532 906 2668 999; baseline 0 -25"><span class='ocrx_word' id='word_1_32' title='bbox 532 918 598 974; x_wconf 92' lang='lat' dir='ltr'>et</span> <span class='ocrx_word' id='word_1_33' title='bbox 640 931 798 987; x_wconf 87' lang='lat' dir='ltr'>non,</span> <span class='ocrx_word' id='word_1_34' title='bbox 830 907 1007 974; x_wconf 90' lang='lat' dir='ltr'>sicut</span> <span class='ocrx_word' id='word_1_35' title='bbox 1050 906 1165 974; x_wconf 90' lang='lat' dir='ltr'>illa</span> <span class='ocrx_word' id='word_1_36' title='bbox 1205 917 1376 974; x_wconf 73' lang='lat' dir='ltr'>{etas</span> <span class='ocrx_word' id='word_1_37' title='bbox 1418 907 1704 993; x_wconf 85' lang='lat' dir='ltr'>assolet,</span> <span class='ocrx_word' id='word_1_38' title='bbox 1739 906 2095 974; x_wconf 90' lang='lat' dir='ltr'>lasciviam</span> <span class='ocrx_word' id='word_1_39' title='bbox 2137 907 2528 999; x_wconf 85' lang='lat' dir='ltr'>complexus</span> <span class='ocrx_word' id='word_1_40' title='bbox 2560 919 2668 976; x_wconf 85' lang='lat' dir='ltr'>est</span> 
     </span>
     <span class='ocr_line' id='line_1_6' title="bbox 531 1011 2662 1105; baseline 0 -25"><span class='ocrx_word' id='word_1_41' title='bbox 531 1014 804 1095; x_wconf 83' lang='lat' dir='ltr'>mundi3</span> <span class='ocrx_word' id='word_1_42' title='bbox 887 1011 1034 1100; x_wconf 87' lang='lat' dir='ltr'>sed,</span> <span class='ocrx_word' id='word_1_43' title='bbox 1104 1013 1438 1081; x_wconf 88' lang='lat' dir='ltr'>bonorum</span> <span class='ocrx_word' id='word_1_44' title='bbox 1513 1023 1874 1103; x_wconf 90' lang='lat' dir='ltr'>parentum</span> <span class='ocrx_word' id='word_1_45' title='bbox 1949 1013 2258 1081; x_wconf 87' lang='lat' dir='ltr'>imitatus</span> <span class='ocrx_word' id='word_1_46' title='bbox 2334 1013 2662 1105; x_wconf 86' lang='lat' dir='ltr'>vestigia,</span> 
     </span>
     <span class='ocr_line' id='line_1_7' title="bbox 530 1120 2666 1211; baseline 0.001 -24"><span class='ocrx_word' id='word_1_47' title='bbox 530 1144 773 1188; x_wconf 88' lang='lat' dir='ltr'>manus</span> <span class='ocrx_word' id='word_1_48' title='bbox 841 1121 1130 1189; x_wconf 78' lang='lat' dir='ltr'>libenter</span> <span class='ocrx_word' id='word_1_49' title='bbox 1217 1120 1628 1188; x_wconf 85' lang='lat' dir='ltr'>extendebat</span> <span class='ocrx_word' id='word_1_50' title='bbox 1704 1120 1790 1188; x_wconf 89' lang='lat' dir='ltr'>ad</span> <span class='ocrx_word' id='word_1_51' title='bbox 1856 1144 2193 1211; x_wconf 80' lang='lat' dir='ltr'>pauperes</span> <span class='ocrx_word' id='word_1_52' title='bbox 2251 1145 2373 1211; x_wconf 90' lang='lat' dir='ltr'>pro</span> <span class='ocrx_word' id='word_1_53' title='bbox 2431 1144 2666 1189; x_wconf 88' lang='lat' dir='ltr'>eorum</span> 
     </span>
     <span class='ocr_line' id='line_1_8' title="bbox 530 1227 2662 1318; baseline 0 -23"><span class='ocrx_word' id='word_1_54' title='bbox 530 1227 955 1295; x_wconf 87' lang='lat' dir='ltr'>sublevanda</span> <span class='ocrx_word' id='word_1_55' title='bbox 1012 1227 1485 1317; x_wconf 86' lang='lat' dir='ltr'>temporalium</span> <span class='ocrx_word' id='word_1_56' title='bbox 1549 1252 1776 1295; x_wconf 84' lang='lat' dir='ltr'>rerum</span> <span class='ocrx_word' id='word_1_57' title='bbox 1843 1227 2095 1318; x_wconf 89' lang='lat' dir='ltr'>inopia,</span> <span class='ocrx_word' id='word_1_58' title='bbox 2165 1227 2604 1296; x_wconf 87' lang='lat' dir='ltr'>miseratione</span> <span class='ocrx_word' id='word_1_59' title='bbox 2631 1242 2662 1272; x_wconf 80' lang='lat'>‘¹</span> 
     </span>
     <span class='ocr_line' id='line_1_9' title="bbox 521 1333 2663 1425; baseline 0 -24"><span class='ocrx_word' id='word_1_60' title='bbox 521 1336 663 1425; x_wconf 86' lang='lat' dir='ltr'>jam</span> <span class='ocrx_word' id='word_1_61' title='bbox 731 1358 960 1401; x_wconf 89' lang='lat' dir='ltr'>secum</span> <span class='ocrx_word' id='word_1_62' title='bbox 1030 1344 1379 1401; x_wconf 81' lang='lat' dir='ltr'>crescente</span> <span class='ocrx_word' id='word_1_63' title='bbox 1438 1335 1524 1402; x_wconf 85' lang='lat' dir='ltr'>ab</span> <span class='ocrx_word' id='word_1_64' title='bbox 1582 1333 1893 1402; x_wconf 83' lang='lat' dir='ltr'>infantia.</span> <span class='ocrx_word' id='word_1_65' title='bbox 1960 1338 2024 1403; x_wconf 88' lang='lat'>3.</span> <span class='ocrx_word' id='word_1_66' title='bbox 2084 1335 2663 1404; x_wconf 86' lang='lat' dir='ltr'>Monasteriorum</span> 
     </span>
     <span class='ocr_line' id='line_1_10' title="bbox 530 1440 2664 1532; baseline 0 -23"><span class='ocrx_word' id='word_1_67' title='bbox 530 1442 733 1509; x_wconf 90' lang='lat' dir='ltr'>etiam</span> <span class='ocrx_word' id='word_1_68' title='bbox 765 1451 832 1507; x_wconf 87' lang='lat' dir='ltr'>et</span> <span class='ocrx_word' id='word_1_69' title='bbox 871 1440 1312 1508; x_wconf 88' lang='lat' dir='ltr'>ecclesiarum</span> <span class='ocrx_word' id='word_1_70' title='bbox 1352 1440 1774 1532; x_wconf 86' lang='lat' dir='ltr'>frequentius</span> <span class='ocrx_word' id='word_1_71' title='bbox 1807 1441 2073 1509; x_wconf 88' lang='lat' dir='ltr'>terebat</span> <span class='ocrx_word' id='word_1_72' title='bbox 2112 1441 2344 1509; x_wconf 86' lang='lat' dir='ltr'>limina</span> <span class='ocrx_word' id='word_1_73' title='bbox 2376 1452 2442 1510; x_wconf 90' lang='lat' dir='ltr'>et</span> <span class='ocrx_word' id='word_1_74' title='bbox 2480 1442 2664 1532; x_wconf 92' lang='lat' dir='ltr'>quod</span> 
     </span>
     <span class='ocr_line' id='line_1_11' title="bbox 528 1546 2664 1637; baseline 0 -23"><span class='ocrx_word' id='word_1_75' title='bbox 528 1548 621 1616; x_wconf 90' lang='lat' dir='ltr'>ibi</span> <span class='ocrx_word' id='word_1_76' title='bbox 662 1548 747 1614; x_wconf 91' lang='lat' dir='ltr'>de</span> <span class='ocrx_word' id='word_1_77' title='bbox 790 1546 1151 1637; x_wconf 87' lang='lat' dir='ltr'>scripturis</span> <span class='ocrx_word' id='word_1_78' title='bbox 1210 1547 1465 1615; x_wconf 90' lang='lat' dir='ltr'>divinis</span> <span class='ocrx_word' id='word_1_79' title='bbox 1504 1548 1738 1637; x_wconf 86' lang='lat' dir='ltr'>patulo</span> <span class='ocrx_word' id='word_1_80' title='bbox 1778 1547 2183 1616; x_wconf 77' lang='lat' dir='ltr'>advertebat</span> <span class='ocrx_word' id='word_1_81' title='bbox 2222 1549 2482 1629; x_wconf 87' lang='lat' dir='ltr'>auditu,</span> <span class='ocrx_word' id='word_1_82' title='bbox 2527 1572 2664 1615; x_wconf 87' lang='lat' dir='ltr'>uon</span> 
     </span>
     <span class='ocr_line' id='line_1_12' title="bbox 525 1654 2659 1747; baseline 0 -25"><span class='ocrx_word' id='word_1_83' title='bbox 525 1654 902 1733; x_wconf 87' lang='lat' dir='ltr'>immemor,</span> <span class='ocrx_word' id='word_1_84' title='bbox 965 1654 1262 1744; x_wconf 88' lang='lat' dir='ltr'>pectoris</span> <span class='ocrx_word' id='word_1_85' title='bbox 1319 1654 1721 1722; x_wconf 85' lang='lat' dir='ltr'>armariolo¹</span> <span class='ocrx_word' id='word_1_86' title='bbox 1765 1654 2166 1747; x_wconf 86' lang='lat' dir='ltr'>diligentius</span> <span class='ocrx_word' id='word_1_87' title='bbox 2221 1655 2659 1723; x_wconf 83' lang='lat' dir='ltr'>recondebat.</span> 
     </span>
    </p>

    <p class='ocr_par' dir='ltr' id='par_1_3' title="bbox 522 1760 2665 2364">
     <span class='ocr_line' id='line_1_13' title="bbox 612 1760 2665 1853; baseline -0 -24"><span class='ocrx_word' id='word_1_88' title='bbox 612 1764 676 1829; x_wconf 88' lang='grc'>4.</span> <span class='ocrx_word' id='word_1_89' title='bbox 732 1762 791 1829; x_wconf 90' lang='grc' dir='ltr'>Ο</span> <span class='ocrx_word' id='word_1_90' title='bbox 856 1784 1058 1852; x_wconf 88' lang='lat' dir='ltr'>quam</span> <span class='ocrx_word' id='word_1_91' title='bbox 1120 1761 1554 1830; x_wconf 89' lang='lat' dir='ltr'>laudabiliter</span> <span class='ocrx_word' id='word_1_92' title='bbox 1607 1760 1955 1830; x_wconf 85' lang='lat' dir='ltr'>inchoavit</span> <span class='ocrx_word' id='word_1_93' title='bbox 2005 1761 2349 1853; x_wconf 84' lang='lat' dir='ltr'>ingenuus</span> <span class='ocrx_word' id='word_1_94' title='bbox 2411 1761 2519 1828; x_wconf 89' lang='lat' dir='ltr'>hic</span> <span class='ocrx_word' id='word_1_95' title='bbox 2594 1772 2665 1828; x_wconf 92' lang='lat' dir='ltr'>et</span> 
     </span>
     <span class='ocr_line' id='line_1_14' title="bbox 522 1867 2662 1959; baseline 0 -24"><span class='ocrx_word' id='word_1_96' title='bbox 522 1868 818 1959; x_wconf 89' lang='lat' dir='ltr'>optimus</span> <span class='ocrx_word' id='word_1_97' title='bbox 873 1867 1137 1937; x_wconf 86' lang='lat' dir='ltr'>Christi</span> <span class='ocrx_word' id='word_1_98' title='bbox 1169 1892 1438 1954; x_wconf 90' lang='lat' dir='ltr'>servus,</span> <span class='ocrx_word' id='word_1_99' title='bbox 1472 1868 1842 1949; x_wconf 78' lang='lat' dir='ltr'>AntoniuS,</span> <span class='ocrx_word' id='word_1_100' title='bbox 1881 1868 2392 1937; x_wconf 81' lang='lat' dir='ltr'>fundamentum</span> <span class='ocrx_word' id='word_1_101' title='bbox 2423 1869 2662 1959; x_wconf 85' lang='lat' dir='ltr'>praeja-</span> 
     </span>
     <span class='ocr_line' id='line_1_15' title="bbox 525 1974 2661 2066; baseline -0.001 -23"><span class='ocrx_word' id='word_1_102' title='bbox 525 1999 685 2043; x_wconf 87' lang='lat' dir='ltr'>cens</span> <span class='ocrx_word' id='word_1_103' title='bbox 726 1975 1092 2052; x_wconf 81' lang='lat' dir='ltr'>immobile,</span> <span class='ocrx_word' id='word_1_104' title='bbox 1134 1985 1212 2044; x_wconf 86' lang='lat' dir='ltr'>ut</span> <span class='ocrx_word' id='word_1_105' title='bbox 1251 1975 1529 2066; x_wconf 86' lang='lat' dir='ltr'>sapiens</span> <span class='ocrx_word' id='word_1_106' title='bbox 1572 1975 2010 2055; x_wconf 78' lang='lat' dir='ltr'>architectuS,</span> <span class='ocrx_word' id='word_1_107' title='bbox 2047 1986 2413 2043; x_wconf 83' lang='lat' dir='ltr'>structurae</span> <span class='ocrx_word' id='word_1_108' title='bbox 2455 1974 2661 2065; x_wconf 88' lang='lat' dir='ltr'>spiri-</span> 
     </span>
     <span class='ocr_line' id='line_1_16' title="bbox 522 2081 2659 2172; baseline 0 -23"><span class='ocrx_word' id='word_1_109' title='bbox 522 2082 730 2150; x_wconf 88' lang='lat' dir='ltr'>tualis</span> <span class='ocrx_word' id='word_1_110' title='bbox 771 2083 972 2149; x_wconf 78' lang='lat' dir='ltr'>vitae!</span> <span class='ocrx_word' id='word_1_111' title='bbox 1024 2086 1196 2149; x_wconf 81' lang='lat' dir='ltr'>Nam</span> <span class='ocrx_word' id='word_1_112' title='bbox 1229 2093 1295 2150; x_wconf 89' lang='lat' dir='ltr'>et</span> <span class='ocrx_word' id='word_1_113' title='bbox 1332 2081 1759 2172; x_wconf 87' lang='lat' dir='ltr'>virginitatis</span> <span class='ocrx_word' id='word_1_114' title='bbox 1792 2082 2263 2150; x_wconf 76' lang='lat' dir='ltr'>mundissimae</span> <span class='ocrx_word' id='word_1_115' title='bbox 2295 2082 2659 2150; x_wconf 88' lang='lat' dir='ltr'>candidum</span> 
     </span>
     <span class='ocr_line' id='line_1_17' title="bbox 522 2189 2652 2281; baseline 0 -26"><span class='ocrx_word' id='word_1_116' title='bbox 522 2189 1004 2257; x_wconf 89' lang='lat' dir='ltr'>vestimentum</span> <span class='ocrx_word' id='word_1_117' title='bbox 1042 2214 1259 2280; x_wconf 88' lang='lat' dir='ltr'>usque</span> <span class='ocrx_word' id='word_1_118' title='bbox 1297 2189 1369 2256; x_wconf 91' lang='lat' dir='ltr'>in</span> <span class='ocrx_word' id='word_1_119' title='bbox 1406 2189 1635 2271; x_wconf 85' lang='lat' dir='ltr'>finem,</span> <span class='ocrx_word' id='word_1_120' title='bbox 1677 2199 1818 2257; x_wconf 88' lang='lat' dir='ltr'>tam</span> <span class='ocrx_word' id='word_1_121' title='bbox 1851 2193 2076 2257; x_wconf 86' lang='lat' dir='ltr'>mente</span> <span class='ocrx_word' id='word_1_122' title='bbox 2107 2214 2311 2281; x_wconf 88' lang='lat' dir='ltr'>quam</span> <span class='ocrx_word' id='word_1_123' title='bbox 2343 2213 2652 2280; x_wconf 88' lang='lat' dir='ltr'>corpore,</span> 
     </span>
     <span class='ocr_line' id='line_1_18' title="bbox 522 2295 1258 2364; baseline 0.001 -2"><span class='ocrx_word' id='word_1_124' title='bbox 522 2295 857 2364; x_wconf 89' lang='lat' dir='ltr'>illibatum</span> <span class='ocrx_word' id='word_1_125' title='bbox 890 2297 1258 2364; x_wconf 79' lang='lat' dir='ltr'>servavit2.</span> 
     </span>
    </p>
   </div>
   <div class='ocr_carea' id='block_1_3' title="bbox 1541 2600 1654 2697">
    <p class='ocr_par' dir='ltr' id='par_1_4' title="bbox 1541 2600 1654 2697">
     <span class='ocr_line' id='line_1_19' title="bbox 1541 2600 1654 2697; baseline 0 -54"><span class='ocrx_word' id='word_1_126' title='bbox 1541 2600 1654 2697; x_wconf 63' lang='lat'>3³</span> 
     </span>
    </p>
   </div>
   <div class='ocr_carea' id='block_1_4' title="bbox 519 2876 2652 3182">
    <p class='ocr_par' dir='ltr' id='par_1_5' title="bbox 519 2876 2652 3182">
     <span class='ocr_line' id='line_1_20' title="bbox 611 2876 2650 2967; baseline -0.002 -22"><span class='ocrx_word' id='word_1_127' title='bbox 611 2881 671 2945; x_wconf 91' lang='lat'>1.</span> <span class='ocrx_word' id='word_1_128' title='bbox 725 2879 879 2960; x_wconf 85' lang='lat'>[144</span> <span class='ocrx_word' id='word_1_129' title='bbox 909 2878 953 2945; x_wconf 90' lang='lat' dir='ltr'>b</span> <span class='ocrx_word' id='word_1_130' title='bbox 991 2880 1055 2959; x_wconf 87' lang='lat'>2]</span> <span class='ocrx_word' id='word_1_131' title='bbox 1107 2881 1416 2967; x_wconf 89' lang='lat' dir='ltr'>Dumque</span> <span class='ocrx_word' id='word_1_132' title='bbox 1476 2877 1622 2943; x_wconf 80' lang='lat' dir='ltr'>haec</span> <span class='ocrx_word' id='word_1_133' title='bbox 1661 2886 2057 2967; x_wconf 80' lang='lat' dir='ltr'>agerentur,</span> <span class='ocrx_word' id='word_1_134' title='bbox 2105 2876 2397 2966; x_wconf 86' lang='lat' dir='ltr'>contigit</span> <span class='ocrx_word' id='word_1_135' title='bbox 2427 2876 2650 2942; x_wconf 88' lang='lat' dir='ltr'>virum</span> 
     </span>
     <span class='ocr_line' id='line_1_21' title="bbox 519 2981 2652 3075; baseline -0.001 -24"><span class='ocrx_word' id='word_1_136' title='bbox 519 2984 904 3075; x_wconf 89' lang='lat' dir='ltr'>quemdam,</span> <span class='ocrx_word' id='word_1_137' title='bbox 954 2984 1069 3073; x_wconf 91' lang='lat' dir='ltr'>qui</span> <span class='ocrx_word' id='word_1_138' title='bbox 1123 2995 1190 3051; x_wconf 88' lang='lat' dir='ltr'>ct</span> <span class='ocrx_word' id='word_1_139' title='bbox 1257 2985 1500 3051; x_wconf 88' lang='lat' dir='ltr'>Petrus</span> <span class='ocrx_word' id='word_1_140' title='bbox 1543 2982 1780 3050; x_wconf 79' lang='lat' dir='ltr'>infans.</span> <span class='ocrx_word' id='word_1_141' title='bbox 1813 2983 2189 3062; x_wconf 83' lang='lat' dir='ltr'>dicebatur,</span> <span class='ocrx_word' id='word_1_142' title='bbox 2232 2981 2652 3074; x_wconf 82' lang='lat' dir='ltr'>primogeni-</span> 
     </span>
     <span class='ocr_line' id='line_1_22' title="bbox 519 3089 2645 3182; baseline -0.002 -23"><span class='ocrx_word' id='word_1_143' title='bbox 519 3103 632 3160; x_wconf 91' lang='lat' dir='ltr'>tus</span> <span class='ocrx_word' id='word_1_144' title='bbox 700 3092 887 3182; x_wconf 82' lang='lat' dir='ltr'>regis</span> <span class='ocrx_word' id='word_1_145' title='bbox 952 3091 1245 3158; x_wconf 90' lang='lat' dir='ltr'>illustris</span> <span class='ocrx_word' id='word_1_146' title='bbox 1308 3090 1778 3182; x_wconf 83' lang='lat' dir='ltr'>Portugalliae,</span> <span class='ocrx_word' id='word_1_147' title='bbox 1832 3089 2279 3181; x_wconf 87' lang='lat' dir='ltr'>quorumdam</span> <span class='ocrx_word' id='word_1_148' title='bbox 2331 3090 2645 3168; x_wconf 84' lang='lat' dir='ltr'>fratrum,</span> 
     </span>
    </p>
   </div>
   <div class='ocr_carea' id='block_1_5' title="bbox 568 3313 1413 3359">
    <p class='ocr_par' dir='ltr' id='par_1_6' title="bbox 568 3313 1413 3359">
     <span class='ocr_line' id='line_1_23' title="bbox 568 3313 1413 3359; baseline -0.001 -1"><span class='ocrx_word' id='word_1_149' title='bbox 568 3327 613 3358; x_wconf 86' lang='lat' dir='ltr'>a.</span> <span class='ocrx_word' id='word_1_150' title='bbox 645 3314 788 3358; x_wconf 81' lang='lat' dir='ltr'>Texte</span> <span class='ocrx_word' id='word_1_151' title='bbox 813 3316 871 3357; x_wconf 88' lang='lat' dir='ltr'>du</span> <span class='ocrx_word' id='word_1_152' title='bbox 900 3314 989 3359; x_wconf 79' lang='lat' dir='ltr'>Ms.</span> <span class='ocrx_word' id='word_1_153' title='bbox 1017 3313 1413 3358; x_wconf 75' lang='lat' dir='ltr'>miserationem.</span> 
     </span>
    </p>
   </div>
   <div class='ocr_carea' id='block_1_6' title="bbox 510 3499 2646 4370">
    <p class='ocr_par' dir='ltr' id='par_1_7' title="bbox 519 3499 2646 3649">
     <span class='ocr_line' id='line_1_24' title="bbox 581 3499 2646 3566; baseline -0.001 -13"><span class='ocrx_word' id='word_1_154' title='bbox 581 3508 626 3555; x_wconf 89' lang='lat'>1.</span> <span class='ocrx_word' id='word_1_155' title='bbox 661 3504 907 3555; x_wconf 78' lang='lat' dir='ltr'>Pectoris</span> <span class='ocrx_word' id='word_1_156' title='bbox 932 3503 1275 3553; x_wconf 79' lang='lat' dir='ltr'>armariolo:</span> <span class='ocrx_word' id='word_1_157' title='bbox 1299 3505 1441 3553; x_wconf 84' lang='lat' dir='ltr'>cette</span> <span class='ocrx_word' id='word_1_158' title='bbox 1470 3503 1792 3566; x_wconf 85' lang='lat' dir='ltr'>expression</span> <span class='ocrx_word' id='word_1_159' title='bbox 1818 3515 1877 3552; x_wconf 90' lang='lat' dir='ltr'>se</span> <span class='ocrx_word' id='word_1_160' title='bbox 1908 3504 2101 3553; x_wconf 85' lang='lat' dir='ltr'>trouve</span> <span class='ocrx_word' id='word_1_161' title='bbox 2146 3502 2297 3551; x_wconf 86' lang='lat' dir='ltr'>aussi</span> <span class='ocrx_word' id='word_1_162' title='bbox 2327 3499 2467 3551; x_wconf 88' lang='lat' dir='ltr'>dans</span> <span class='ocrx_word' id='word_1_163' title='bbox 2503 3500 2646 3552; x_wconf 86' lang='lat' dir='ltr'>Jean</span> 
     </span>
     <span class='ocr_line' id='line_1_25' title="bbox 519 3582 1908 3649; baseline -0.002 -14"><span class='ocrx_word' id='word_1_164' title='bbox 519 3585 772 3648; x_wconf 80' lang='lat' dir='ltr'>Rigauld,</span> <span class='ocrx_word' id='word_1_165' title='bbox 804 3598 925 3649; x_wconf 86' lang='lat' dir='ltr'>cap.</span> <span class='ocrx_word' id='word_1_166' title='bbox 945 3585 1036 3638; x_wconf 83' lang='lat' dir='ltr'>IV.</span> <span class='ocrx_word' id='word_1_167' title='bbox 1071 3583 1156 3633; x_wconf 78' lang='lat' dir='ltr'>cd.</span> <span class='ocrx_word' id='word_1_168' title='bbox 1185 3583 1255 3633; x_wconf 92' lang='lat' dir='ltr'>du</span> <span class='ocrx_word' id='word_1_169' title='bbox 1286 3583 1346 3632; x_wconf 84' lang='grc' dir='ltr'>Ρ.</span> <span class='ocrx_word' id='word_1_170' title='bbox 1378 3582 1711 3642; x_wconf 66' lang='lat' dir='ltr'>Feminam,</span> <span class='ocrx_word' id='word_1_171' title='bbox 1743 3597 1796 3647; x_wconf 89' lang='lat' dir='ltr'>p.</span> <span class='ocrx_word' id='word_1_172' title='bbox 1831 3587 1908 3632; x_wconf 88' lang='lat'>30.</span> 
     </span>
    </p>

    <p class='ocr_par' dir='ltr' id='par_1_8' title="bbox 513 3661 2641 3886">
     <span class='ocr_line' id='line_1_26' title="bbox 577 3661 2638 3728; baseline -0 -15"><span class='ocrx_word' id='word_1_173' title='bbox 577 3669 622 3714; x_wconf 83' lang='lat'>2.</span> <span class='ocrx_word' id='word_1_174' title='bbox 662 3666 739 3716; x_wconf 83' lang='lat' dir='ltr'>Ce</span> <span class='ocrx_word' id='word_1_175' title='bbox 779 3665 1050 3728; x_wconf 79' lang='lat' dir='ltr'>fragment</span> <span class='ocrx_word' id='word_1_176' title='bbox 1078 3667 1125 3714; x_wconf 83' lang='lat' dir='ltr'>A</span> <span class='ocrx_word' id='word_1_177' title='bbox 1153 3663 1424 3727; x_wconf 69' lang='lat' dir='ltr'>complete</span> <span class='ocrx_word' id='word_1_178' title='bbox 1469 3663 1518 3712; x_wconf 90' lang='lat' dir='ltr'>le</span> <span class='ocrx_word' id='word_1_179' title='bbox 1548 3663 1799 3727; x_wconf 80' lang='lat' dir='ltr'>chapitre</span> <span class='ocrx_word' id='word_1_180' title='bbox 1828 3662 1896 3712; x_wconf 89' lang='lat' dir='ltr'>de</span> <span class='ocrx_word' id='word_1_181' title='bbox 1935 3662 1989 3711; x_wconf 90' lang='lat' dir='ltr'>la</span> <span class='ocrx_word' id='word_1_182' title='bbox 2028 3662 2264 3726; x_wconf 73' lang='lat' dir='ltr'>legenda</span> <span class='ocrx_word' id='word_1_183' title='bbox 2290 3661 2476 3726; x_wconf 79' lang='lat' dir='ltr'>prima</span> <span class='ocrx_word' id='word_1_184' title='bbox 2504 3677 2523 3711; x_wconf 93' lang='grc'>.·</span> <span class='ocrx_word' id='word_1_185' title='bbox 2557 3661 2638 3712; x_wconf 78' lang='lat' dir='ltr'>De</span> 
     </span>
     <span class='ocr_line' id='line_1_27' title="bbox 513 3741 2641 3809; baseline -0.002 -15"><span class='ocrx_word' id='word_1_186' title='bbox 513 3746 738 3796; x_wconf 66' lang='lat' dir='ltr'>ciuitate</span> <span class='ocrx_word' id='word_1_187' title='bbox 768 3746 823 3795; x_wconf 84' lang='lat' dir='ltr'>in</span> <span class='ocrx_word' id='word_1_188' title='bbox 855 3760 960 3809; x_wconf 81' lang='lat' dir='ltr'>qua</span> <span class='ocrx_word' id='word_1_189' title='bbox 987 3749 1152 3794; x_wconf 77' lang='lat' dir='ltr'>metus</span> <span class='ocrx_word' id='word_1_190' title='bbox 1181 3745 1289 3807; x_wconf 80' lang='grc' dir='ltr'><em>[αἰι</em></span> <span class='ocrx_word' id='word_1_191' title='bbox 1320 3747 1548 3793; x_wconf 73' lang='lat' dir='ltr'>sanctus</span> <span class='ocrx_word' id='word_1_192' title='bbox 1574 3744 1862 3794; x_wconf 71' lang='lat' dir='ltr'>Antonius.</span> <span class='ocrx_word' id='word_1_193' title='bbox 1912 3744 1999 3807; x_wconf 88' lang='lat' dir='ltr'>(V.</span> <span class='ocrx_word' id='word_1_194' title='bbox 2029 3754 2233 3807; x_wconf 86' lang='lat' dir='ltr'>supra:</span> <span class='ocrx_word' id='word_1_195' title='bbox 2279 3742 2403 3807; x_wconf 83' lang='lat' dir='ltr'>Leg.</span> <span class='ocrx_word' id='word_1_196' title='bbox 2435 3741 2641 3807; x_wconf 80' lang='lat' dir='ltr'>primo,</span> 
     </span>
     <span class='ocr_line' id='line_1_28' title="bbox 514 3828 827 3886; baseline 0 -12"><span class='ocrx_word' id='word_1_197' title='bbox 514 3830 561 3882; x_wconf 82' lang='lat'>2,</span> <span class='ocrx_word' id='word_1_198' title='bbox 593 3837 668 3875; x_wconf 72' lang='grc' dir='ltr'>η’·</span> <span class='ocrx_word' id='word_1_199' title='bbox 702 3828 827 3886; x_wconf 77' lang='grc'>1-6).</span> 
     </span>
    </p>

    <p class='ocr_par' dir='ltr' id='par_1_9' title="bbox 510 3902 2646 4370">
     <span class='ocr_line' id='line_1_29' title="bbox 575 3902 2646 3968; baseline -0.001 -14"><span class='ocrx_word' id='word_1_200' title='bbox 575 3913 619 3955; x_wconf 88' lang='grc'>3.</span> <span class='ocrx_word' id='word_1_201' title='bbox 660 3907 736 3956; x_wconf 77' lang='lat' dir='ltr'>Ge</span> <span class='ocrx_word' id='word_1_202' title='bbox 765 3907 1035 3966; x_wconf 68' lang='lat' dir='ltr'>fragment</span> <span class='ocrx_word' id='word_1_203' title='bbox 1067 3907 1107 3955; x_wconf 85' lang='lat' dir='ltr'>B</span> <span class='ocrx_word' id='word_1_204' title='bbox 1146 3909 1232 3956; x_wconf 83' lang='lat' dir='ltr'>cst</span> <span class='ocrx_word' id='word_1_205' title='bbox 1262 3904 1317 3954; x_wconf 86' lang='lat' dir='ltr'>la</span> <span class='ocrx_word' id='word_1_206' title='bbox 1361 3905 1675 3968; x_wconf 76' lang='lat' dir='ltr'>repetition,</span> <span class='ocrx_word' id='word_1_207' title='bbox 1705 3917 1772 3954; x_wconf 89' lang='lat' dir='ltr'>en</span> <span class='ocrx_word' id='word_1_208' title='bbox 1806 3906 2006 3953; x_wconf 85' lang='lat' dir='ltr'>termes</span> <span class='ocrx_word' id='word_1_209' title='bbox 2045 3903 2346 3960; x_wconf 64' lang='lat' dir='ltr'>disten-enm,</span> <span class='ocrx_word' id='word_1_210' title='bbox 2389 3902 2462 3952; x_wconf 92' lang='lat' dir='ltr'>du</span> <span class='ocrx_word' id='word_1_211' title='bbox 2493 3916 2646 3952; x_wconf 88' lang='lat' dir='ltr'>com-</span> 
     </span>
     <span class='ocr_line' id='line_1_30' title="bbox 514 3981 2645 4050; baseline -0.002 -15"><span class='ocrx_word' id='word_1_212' title='bbox 514 3990 854 4036; x_wconf 80' lang='lat' dir='ltr'>mencemcnl</span> <span class='ocrx_word' id='word_1_213' title='bbox 880 3985 951 4035; x_wconf 92' lang='lat' dir='ltr'>du</span> <span class='ocrx_word' id='word_1_214' title='bbox 977 3986 1229 4050; x_wconf 77' lang='lat' dir='ltr'>cliapitre</span> <span class='ocrx_word' id='word_1_215' title='bbox 1253 3985 1320 4034; x_wconf 84' lang='lat' dir='ltr'>de</span> <span class='ocrx_word' id='word_1_216' title='bbox 1351 3984 1405 4033; x_wconf 91' lang='lat' dir='ltr'>la</span> <span class='ocrx_word' id='word_1_217' title='bbox 1431 3983 1661 4048; x_wconf 75' lang='lat' dir='ltr'>legenda</span> <span class='ocrx_word' id='word_1_218' title='bbox 1686 3983 1867 4047; x_wconf 77' lang='lat' dir='ltr'>primu</span> <span class='ocrx_word' id='word_1_219' title='bbox 1891 3999 1909 4032; x_wconf 92' lang='lat'><em>:</em></span> <span class='ocrx_word' id='word_1_220' title='bbox 1940 3983 2214 4050; x_wconf 76' lang='lat' dir='ltr'>Quomodo</span> <span class='ocrx_word' id='word_1_221' title='bbox 2235 3981 2480 4032; x_wconf 79' lang='lat' dir='ltr'>ordinem</span> <span class='ocrx_word' id='word_1_222' title='bbox 2505 3981 2645 4031; x_wconf 77' lang='lat' dir='ltr'>Fru-</span> 
     </span>
     <span class='ocr_line' id='line_1_31' title="bbox 513 4062 2646 4128; baseline -0.003 -12"><span class='ocrx_word' id='word_1_223' title='bbox 513 4071 655 4116; x_wconf 73' lang='lat' dir='ltr'>lt&#39;um</span> <span class='ocrx_word' id='word_1_224' title='bbox 685 4065 959 4116; x_wconf 76' lang='lat' dir='ltr'>Minorum</span> <span class='ocrx_word' id='word_1_225' title='bbox 1008 4066 1241 4115; x_wconf 72' lang='lat' dir='ltr'>intrari!</span> <span class='ocrx_word' id='word_1_226' title='bbox 1274 4066 1464 4114; x_wconf 72' lang='lat' dir='ltr'>beatus</span> <span class='ocrx_word' id='word_1_227' title='bbox 1506 4063 1777 4113; x_wconf 74' lang='lat' dir='ltr'>Antonius</span> <span class='ocrx_word' id='word_1_228' title='bbox 1818 4065 1903 4123; x_wconf 88' lang='lat' dir='ltr'>(V.</span> <span class='ocrx_word' id='word_1_229' title='bbox 1938 4076 2134 4128; x_wconf 85' lang='lat' dir='ltr'>supra:</span> <span class='ocrx_word' id='word_1_230' title='bbox 2181 4062 2309 4126; x_wconf 82' lang='lat' dir='ltr'>Leg.</span> <span class='ocrx_word' id='word_1_231' title='bbox 2346 4062 2548 4127; x_wconf 79' lang='lat' dir='ltr'>pre&#39;ma,</span> <span class='ocrx_word' id='word_1_232' title='bbox 2595 4069 2646 4120; x_wconf 67' lang='grc' dir='ltr'>ὅ,</span> 
     </span>
     <span class='ocr_line' id='line_1_32' title="bbox 512 4140 2646 4208; baseline -0.002 -13"><span class='ocrx_word' id='word_1_233' title='bbox 512 4156 568 4195; x_wconf 76' lang='lat' dir='ltr'>n⁶</span> <span class='ocrx_word' id='word_1_234' title='bbox 605 4148 664 4208; x_wconf 84' lang='grc'>1).</span> <span class='ocrx_word' id='word_1_235' title='bbox 702 4147 847 4195; x_wconf 73' lang='lat' dir='ltr'>Dans</span> <span class='ocrx_word' id='word_1_236' title='bbox 893 4146 941 4194; x_wconf 82' lang='lat' dir='ltr'>ie</span> <span class='ocrx_word' id='word_1_237' title='bbox 987 4149 1130 4196; x_wconf 81' lang='lat' dir='ltr'>texte</span> <span class='ocrx_word' id='word_1_238' title='bbox 1164 4146 1215 4195; x_wconf 91' lang='lat' dir='ltr'>in</span> <span class='ocrx_word' id='word_1_239' title='bbox 1250 4149 1478 4195; x_wconf 78' lang='lat' dir='ltr'>extenso</span> <span class='ocrx_word' id='word_1_240' title='bbox 1509 4144 1578 4193; x_wconf 86' lang='lat' dir='ltr'>de</span> <span class='ocrx_word' id='word_1_241' title='bbox 1626 4142 1680 4193; x_wconf 93' lang='lat' dir='ltr'>la</span> <span class='ocrx_word' id='word_1_242' title='bbox 1712 4143 1941 4203; x_wconf 66' lang='lat' dir='ltr'>legende</span> <span class='ocrx_word' id='word_1_243' title='bbox 1985 4142 2331 4208; x_wconf 70' lang='lat' dir='ltr'>BenignicaS,</span> <span class='ocrx_word' id='word_1_244' title='bbox 2372 4141 2406 4191; x_wconf 87' lang='lat' dir='ltr'>il</span> <span class='ocrx_word' id='word_1_245' title='bbox 2455 4140 2646 4192; x_wconf 84' lang='lat' dir='ltr'>devait</span> 
     </span>
     <span class='ocr_line' id='line_1_33' title="bbox 510 4221 2644 4291; baseline -0.002 -15"><span class='ocrx_word' id='word_1_246' title='bbox 510 4228 626 4276; x_wconf 77' lang='lat' dir='ltr'>etre</span> <span class='ocrx_word' id='word_1_247' title='bbox 652 4226 885 4291; x_wconf 73' lang='lat' dir='ltr'>precede</span> <span class='ocrx_word' id='word_1_248' title='bbox 907 4226 979 4275; x_wconf 88' lang='lat' dir='ltr'>du</span> <span class='ocrx_word' id='word_1_249' title='bbox 1006 4228 1140 4276; x_wconf 73' lang='lat' dir='ltr'>recit</span> <span class='ocrx_word' id='word_1_250' title='bbox 1171 4226 1240 4276; x_wconf 87' lang='lat' dir='ltr'>de</span> <span class='ocrx_word' id='word_1_251' title='bbox 1283 4226 1507 4276; x_wconf 77' lang='lat' dir='ltr'>l&#39;entree</span> <span class='ocrx_word' id='word_1_252' title='bbox 1541 4228 1596 4275; x_wconf 84' lang='lat' dir='ltr'>et</span> <span class='ocrx_word' id='word_1_253' title='bbox 1627 4225 1698 4275; x_wconf 90' lang='lat' dir='ltr'>du</span> <span class='ocrx_word' id='word_1_254' title='bbox 1728 4227 1911 4285; x_wconf 82' lang='lat' dir='ltr'>sejour</span> <span class='ocrx_word' id='word_1_255' title='bbox 1939 4222 2011 4273; x_wconf 89' lang='lat' dir='ltr'>du</span> <span class='ocrx_word' id='word_1_256' title='bbox 2048 4225 2196 4273; x_wconf 85' lang='lat' dir='ltr'>saint</span> <span class='ocrx_word' id='word_1_257' title='bbox 2233 4223 2362 4273; x_wconf 85' lang='lat' dir='ltr'>chez</span> <span class='ocrx_word' id='word_1_258' title='bbox 2394 4223 2474 4272; x_wconf 87' lang='lat' dir='ltr'>les</span> <span class='ocrx_word' id='word_1_259' title='bbox 2500 4221 2644 4273; x_wconf 83' lang='lat' dir='ltr'>Cha-</span> 
     </span>
     <span class='ocr_line' id='line_1_34' title="bbox 512 4306 1014 4370; baseline -0.004 -13"><span class='ocrx_word' id='word_1_260' title='bbox 512 4308 705 4357; x_wconf 89' lang='lat' dir='ltr'>noines</span> <span class='ocrx_word' id='word_1_261' title='bbox 730 4306 1014 4370; x_wconf 75' lang='lat' dir='ltr'>reguliers.</span> 
     </span>
    </p>
   </div>
  </div>
 </body>
</html>
