3109 4950
559 398 684 464 112
1024 416 1085 461 s,
1137 414 1425 461 Ani-orm
1475 413 1798 462 mosum
1847 412 2091 473 PRIMA,
2144 392 2230 460 45

643 559 708 623 2.
737 553 1101 646 Indignum
1133 554 1347 645 igitur
1373 577 1448 622 se
1475 552 1963 622 misericordiae
1977 551 2178 643 jure‘t
2209 549 2612 619 existimans
2630 549 2682 637 ⁶,

554 672 841 731 matrem
873 684 1119 748 rogare
1149 661 1353 752 coepit
1377 672 1454 730 ut
1483 672 1720 729 votum
1749 660 1819 728 in
1849 659 1979 729 fide
2007 683 2133 727 sua
2167 659 2421 726 faceret
2450 667 2687 724 sancto

556 770 706 851 Dei,
777 780 1115 861 quatenus
1196 768 1739 837 misericordiam
1824 767 2150 858 consequi
2214 775 2591 832 mereretur
2630 776 2682 832 ⁶.

552 879 617 945 3.
653 880 807 965 Quo
846 878 1052 958 factm
1097 887 1413 945 cessante
1454 899 1609 945 mox
1648 874 1905 954 dolore,
1940 884 2098 942 ante
2124 873 2303 941 diem
2344 871 2690 940 convaluit

553 995 644 1064 et,
670 985 786 1075 qui
818 995 1034 1053 testes
1068 984 1622 1052 subsannaverat
1650 980 2074 1050 infidelitatis
2106 979 2483 1059 cachinniS‚
2514 978 2686 1046 veri·

549 1092 677 1161 tati
719 1092 1184 1160 testimonium
1214 1090 1573 1182 perhibere
1602 1089 1995 1181 compulsus
2026 1097 2157 1156 est.

709 1533 831 1591 45.
877 1534 983 1591 De
1027 1530 1329 1603 panicio
1361 1526 1378 1570 ¹
1414 1544 1465 1591 a.
1490 1529 1941 1602 passeribus
1996 1532 2447 1590 conservato
2463 1525 2523 1587 d.

645 1852 706 1918 1.
750 1848 998 1917 Mulier
1038 1848 1351 1940 quaedam
1383 1848 1467 1916 de
1498 1847 1962 1940 Trimegnone
1986 1863 2011 1893 ⁶
2035 1850 2086 1930 ²,
2129 1849 2350 1919 Vitas
2386 1848 2684 1935 nomine,

551 1978 758 2047 quum
799 1979 1051 2046 magna
1082 1956 1265 2024 beati
1290 1956 1572 2025 Antonii
1603 1956 1898 2024 ferveret
1926 1956 2313 2031 devotione.
2339 1955 2427 2024 ad
2459 1955 2690 2048 sepul-

551 2087 737 2131 crum
778 2064 926 2153 ejus
966 2086 1230 2130 summo
1280 2062 1622 2130 desiderio
1673 2063 2040 2132 anhelabat
2079 2063 2337 2132 venire.
2386 2067 2449 2132 2.
2507 2063 2687 2151 Quia

546 2194 712 2238 vero
767 2181 1035 2260 tempus
1089 2169 1338 2237 messis
1391 2170 1700 2238 instabat
1766 2181 1833 2238 et
1883 2161 2250 2261 panicium,
2312 2171 2491 2262 quod
2541 2172 2685 2261 jam

550 2277 824 2345 albebat
862 2276 1001 2344 ada
1038 2300 1358 2356 messem,
1402 2300 1764 2367 passerum
1803 2276 2164 2346 multitudo
2203 2277 2551 2359 vastabat,
2595 2276 2685 2344 ad

548 2383 988 2476 effugandum
1027 2384 1487 2475 importunum
1526 2383 1745 2451 illud‘*
1783 2384 2012 2452 avium
2044 2408 2263 2477 genus
2294 2394 2529 2453 custos
2566 2407 2683 2475 pa·

548 2492 706 2560 nicii
744 2492 995 2582 posita,
1039 2492 1221 2559 nulla
1263 2492 1621 2560 occasione
1662 2492 1978 2560 veniendi
2009 2492 2401 2561 facultatem
2440 2514 2685 2559 conse-

545 2599 660 2690 qui
691 2600 986 2669 valebat.
1031 2603 1096 2668 3.
1141 2601 1446 2670 Veniens
1477 2600 1719 2691 igitur,
1753 2599 1864 2668 die
1893 2600 2189 2692 quadarn
2214 2600 2257 2682 ἱ,
2291 2600 2380 2669 ad
2408 2599 2684 2668 clausu-

546 2730 694 2774 ram
760 2731 892 2798 qua
941 2707 1348 2797 cingebatur
1399 2708 1769 2798 panicium,
1824 2707 2016 2776 vovit
2068 2706 2274 2798 quod,
2326 2707 2387 2774 si
2434 2707 2682 2775 beatus

546 2814 888 2881 Antonius
927 2813 1095 2882 illud
1134 2837 1173 2882 a
1213 2814 1618 2905 passeribus
1659 2814 2060 2893 custodiret,
2103 2814 2488 2905 sepulcrum
2530 2813 2682 2903 ejus

544 2921 783 2988 novies
821 2921 1164 2990 visitaret.
1209 2924 1275 2990 4.
1324 2924 1531 2990 Facto
1572 2932 1799 2990 autem
1829 2931 2019 3008 voto,
2051 2944 2207 2989 mox
2235 2944 2370 2988 uno
2403 2920 2680 3012 agmine

543 3050 796 3120 magna
862 3027 1197 3096 dictarum
1247 3028 1475 3096 avium
1543 3028 2004 3097 numerositas
2056 3027 2205 3096 loco
2260 3028 2495 3114 cessit,
2556 3050 2682 3094 nec

544 3158 753 3226 super
807 3134 1053 3203 salices
1109 3135 1452 3226 panicium
1519 3135 1878 3227 cingentes
1911 3135 1941 3191 J
2008 3135 2214 3216 ullus,
2275 3158 2475 3225 quem
2531 3156 2682 3201 cer-

544 3253 761 3325 neret,
804 3266 1048 3333 passer
1088 3243 1341 3310 mansit
1361 3243 1412 3310 Κ.

596 3524 642 3556 a.
669 3510 803 3555 Paris
815 3510 932 3566 ‚iure
957 3510 1330 3556 misericordiae.
1352 3534 1406 3544 —
1427 3511 1470 3556 b.
1495 3512 1601 3556 Alc.
1627 3512 1707 3557 286
1721 3512 1995 3558 aestimans.
2015 3534 2068 3543 —
2083 3523 2125 3556 c.
2145 3511 2261 3556 Luc.
2282 3513 2676 3567 promereretur.

542 3607 594 3617 —
623 3583 671 3628 d.
707 3581 820 3626 Luc.
863 3586 910 3626 et
948 3582 1081 3627 Paris
1121 3595 1210 3627 om.
1251 3596 1302 3626 ce
1340 3583 1460 3628 titre.
1498 3605 1551 3616 -
1585 3595 1627 3628 e.
1664 3583 1975 3629 Alc.2860m.
2001 3583 2065 3627 de
2100 3582 2450 3639 Trimeqnone.
2475 3584 2593 3627 Aac.
2631 3585 2681 3626 et

544 3654 768 3707 Dialogus
804 3654 865 3697 de
908 3653 1223 3709 Trimeyone.
1247 3677 1299 3687 —
1325 3653 1361 3709 r.
1400 3652 1516 3700 Luc.
1551 3654 1691 3698 Jutn.
1719 3654 1850 3698 Paris
1875 3654 2080 3698 nomtne
2103 3654 2261 3698 Jutta.
2300 3655 2416 3698 Ano.
2453 3653 2674 3697 Tumita.

544 3724 768 3779 Dialogus
791 3725 1003 3769 Juvitta.
1027 3749 1081 3758 —
1104 3737 1148 3779 9.
1175 3723 1292 3769 Luc.
1324 3726 1466 3770 etad.
1487 3747 1539 3757 -—
1569 3726 1618 3770 h.
1645 3725 1777 3769 Paris
1808 3725 1935 3769 illud
1955 3726 2323 3781 importunum.
2342 3747 2395 3756 —
2416 3724 2448 3769 ι’.
2469 3724 2574 3769 Alc.
2595 3723 2679 3770 286

540 3795 765 3850 quidam.
786 3796 892 3851 —j.
912 3796 1042 3840 Paris
1063 3809 1152 3841 om.
1176 3796 1443 3851 panicium
1478 3795 1753 3851 cinqentes.
1778 3819 1832 3829 —
1861 3795 1908 3843 k.
1936 3796 2069 3841 Paris
2092 3797 2354 3842 remansit.

602 4030 648 4078 1.
680 4027 948 4078 Panicum
973 4043 1043 4078 ou
1070 4029 1372 4094 panicium,
1400 4032 1548 4080 sorte
1583 4028 1651 4080 de
1688 4028 1877 4080 millet.

599 4112 650 4158 2.
692 4110 924 4160 suivant
956 4109 1006 4159 le
1036 4109 1173 4159 l’ere
1201 4111 1354 4170 Josa,
1380 4111 1514 4160 c'est
1544 4124 1650 4160 une
1677 4110 1894 4161 localite
1924 4110 2137 4161 volsine
2170 4107 2238 4159 de
2271 4107 2513 4160 Padoue.
