<?xml version="1.0" encoding="UTF-8"?>
<!DOCTYPE html PUBLIC "-//W3C//DTD XHTML 1.0 Transitional//EN"
    "http://www.w3.org/TR/xhtml1/DTD/xhtml1-transitional.dtd">
<html xmlns="http://www.w3.org/1999/xhtml" xml:lang="en" lang="en">
 <head>
  <title>
</title>
<meta http-equiv="Content-Type" content="text/html;charset=utf-8" />
  <meta name='ocr-system' content='tesseract 3.04.00' />
  <meta name='ocr-capabilities' content='ocr_page ocr_carea ocr_par ocr_line ocrx_word'/>
</head>
<body>
  <div class='ocr_page' id='page_1' title='image "./sanctiantoniide01kervgoog_0177.png"; bbox 0 0 3109 4950; ppageno 0'>
   <div class='ocr_carea' id='block_1_1' title="bbox 922 436 2495 507">
    <p class='ocr_par' dir='ltr' id='par_1_1' title="bbox 922 436 2495 507">
     <span class='ocr_line' id='line_1_1' title="bbox 922 436 2495 507; baseline 0.003 -5"><span class='ocrx_word' id='word_1_1' title='bbox 922 453 1258 502; x_wconf 59' lang='lat' dir='ltr'>mammon</span> <span class='ocrx_word' id='word_1_2' title='bbox 1311 455 1399 502; x_wconf 85' lang='lat' dir='ltr'>nu</span> <span class='ocrx_word' id='word_1_3' title='bbox 1451 455 1570 504; x_wconf 77' lang='lat' dir='ltr'>MS.</span> <span class='ocrx_word' id='word_1_4' title='bbox 1615 455 1701 501; x_wconf 72' lang='lat' dir='ltr'>ns</span> <span class='ocrx_word' id='word_1_5' title='bbox 1744 456 1946 503; x_wconf 60' lang='lat' dir='ltr'>riuus</span> <span class='ocrx_word' id='word_1_6' title='bbox 2370 436 2495 507; x_wconf 84' lang='lat'>147</span> 
     </span>
    </p>
   </div>
   <div class='ocr_carea' id='block_1_2' title="bbox 264 593 2500 1653">
    <p class='ocr_par' dir='ltr' id='par_1_2' title="bbox 264 593 2500 1653">
     <span class='ocr_line' id='line_1_2' title="bbox 364 593 2500 687; baseline 0.002 -27"><span class='ocrx_word' id='word_1_7' title='bbox 364 593 534 661; x_wconf 89' lang='lat' dir='ltr'>sime</span> <span class='ocrx_word' id='word_1_8' title='bbox 587 617 796 684; x_wconf 90' lang='lat' dir='ltr'>quum</span> <span class='ocrx_word' id='word_1_9' title='bbox 854 598 1040 662; x_wconf 89' lang='lat' dir='ltr'>Deus</span> <span class='ocrx_word' id='word_1_10' title='bbox 1096 594 1529 687; x_wconf 89' lang='lat' dir='ltr'>omnipotens</span> <span class='ocrx_word' id='word_1_11' title='bbox 1584 605 1689 664; x_wconf 89' lang='lat' dir='ltr'>tot</span> <span class='ocrx_word' id='word_1_12' title='bbox 1737 606 1806 665; x_wconf 87' lang='lat' dir='ltr'>et</span> <span class='ocrx_word' id='word_1_13' title='bbox 1857 596 2072 665; x_wconf 90' lang='lat' dir='ltr'>tantis</span> <span class='ocrx_word' id='word_1_14' title='bbox 2123 595 2500 665; x_wconf 85' lang='lat' dir='ltr'>illustravit</span> 
     </span>
     <span class='ocr_line' id='line_1_3' title="bbox 363 700 2494 793; baseline 0.001 -25"><span class='ocrx_word' id='word_1_15' title='bbox 363 724 540 787; x_wconf 90' lang='lat' dir='ltr'>eum,</span> <span class='ocrx_word' id='word_1_16' title='bbox 566 711 636 768; x_wconf 89' lang='lat' dir='ltr'>et</span> <span class='ocrx_word' id='word_1_17' title='bbox 665 700 864 792; x_wconf 90' lang='lat' dir='ltr'>quasi</span> <span class='ocrx_word' id='word_1_18' title='bbox 894 701 1195 793; x_wconf 88' lang='lat' dir='ltr'>quotidie</span> <span class='ocrx_word' id='word_1_19' title='bbox 1224 703 1554 790; x_wconf 91' lang='lat' dir='ltr'>illustrat,</span> <span class='ocrx_word' id='word_1_20' title='bbox 1582 703 1931 772; x_wconf 81' lang='lat' dir='ltr'>miraculis</span> <span class='ocrx_word' id='word_1_21' title='bbox 1961 703 2032 771; x_wconf 91' lang='lat' dir='ltr'>in</span> <span class='ocrx_word' id='word_1_22' title='bbox 2064 703 2190 771; x_wconf 93' lang='lat' dir='ltr'>hoc</span> <span class='ocrx_word' id='word_1_23' title='bbox 2219 704 2494 783; x_wconf 81' lang='lat' dir='ltr'>saecu10‚</span> 
     </span>
     <span class='ocr_line' id='line_1_4' title="bbox 361 808 2500 903; baseline 0.001 -28"><span class='ocrx_word' id='word_1_24' title='bbox 361 832 440 876; x_wconf 90' lang='lat' dir='ltr'>ac</span> <span class='ocrx_word' id='word_1_25' title='bbox 477 808 708 899; x_wconf 89' lang='lat' dir='ltr'>ipsum</span> <span class='ocrx_word' id='word_1_26' title='bbox 747 809 951 877; x_wconf 90' lang='lat' dir='ltr'>etiam</span> <span class='ocrx_word' id='word_1_27' title='bbox 989 810 1076 878; x_wconf 98' lang='lat' dir='ltr'>ad</span> <span class='ocrx_word' id='word_1_28' title='bbox 1124 811 1399 901; x_wconf 89' lang='lat' dir='ltr'>plenum</span> <span class='ocrx_word' id='word_1_29' title='bbox 1438 810 1859 880; x_wconf 88' lang='lat' dir='ltr'>beatificabit</span> <span class='ocrx_word' id='word_1_30' title='bbox 1902 810 2391 903; x_wconf 80' lang='lat' dir='ltr'>permagnifice</span> <span class='ocrx_word' id='word_1_31' title='bbox 2429 810 2500 877; x_wconf 91' lang='lat' dir='ltr'>in</span> 
     </span>
     <span class='ocr_line' id='line_1_5' title="bbox 362 915 2499 987; baseline 0.002 -7"><span class='ocrx_word' id='word_1_32' title='bbox 362 915 615 983; x_wconf 80' lang='lat' dir='ltr'>futuro.</span> <span class='ocrx_word' id='word_1_33' title='bbox 654 919 756 985; x_wconf 90' lang='lat'>13.</span> <span class='ocrx_word' id='word_1_34' title='bbox 797 917 995 985; x_wconf 87' lang='lat' dir='ltr'>Unde</span> <span class='ocrx_word' id='word_1_35' title='bbox 1026 916 1267 985; x_wconf 88' lang='lat' dir='ltr'>horum</span> <span class='ocrx_word' id='word_1_36' title='bbox 1301 918 1602 986; x_wconf 89' lang='lat' dir='ltr'>omnium</span> <span class='ocrx_word' id='word_1_37' title='bbox 1632 943 1714 987; x_wconf 87' lang='lat' dir='ltr'>ex</span> <span class='ocrx_word' id='word_1_38' title='bbox 1744 918 2293 987; x_wconf 78' lang='lat' dir='ltr'>consideratione</span> <span class='ocrx_word' id='word_1_39' title='bbox 2332 917 2499 985; x_wconf 89' lang='lat' dir='ltr'>mel-</span> 
     </span>
     <span class='ocr_line' id='line_1_6' title="bbox 358 1021 2494 1118; baseline 0.001 -29"><span class='ocrx_word' id='word_1_40' title='bbox 358 1021 577 1109; x_wconf 87' lang='lat' dir='ltr'>lissua,</span> <span class='ocrx_word' id='word_1_41' title='bbox 610 1033 808 1114; x_wconf 89' lang='lat' dir='ltr'>pater</span> <span class='ocrx_word' id='word_1_42' title='bbox 834 1023 1306 1112; x_wconf 88' lang='lat' dir='ltr'>beatissimus,</span> <span class='ocrx_word' id='word_1_43' title='bbox 1338 1035 1667 1118; x_wconf 81' lang='lat' dir='ltr'>tanquam</span> <span class='ocrx_word' id='word_1_44' title='bbox 1701 1025 1940 1095; x_wconf 89' lang='lat' dir='ltr'>doctor</span> <span class='ocrx_word' id='word_1_45' title='bbox 1974 1026 2494 1110; x_wconf 89' lang='lat' dir='ltr'>veracissimus,</span> 
     </span>
     <span class='ocr_line' id='line_1_7' title="bbox 362 1132 2498 1202; baseline 0.002 -6"><span class='ocrx_word' id='word_1_46' title='bbox 362 1153 485 1198; x_wconf 90' lang='lat' dir='ltr'>nec</span> <span class='ocrx_word' id='word_1_47' title='bbox 542 1153 680 1198; x_wconf 90' lang='lat' dir='ltr'>non</span> <span class='ocrx_word' id='word_1_48' title='bbox 734 1141 802 1199; x_wconf 90' lang='lat' dir='ltr'>et</span> <span class='ocrx_word' id='word_1_49' title='bbox 860 1141 1019 1199; x_wconf 87' lang='lat' dir='ltr'>ante</span> <span class='ocrx_word' id='word_1_50' title='bbox 1082 1135 1301 1200; x_wconf 89' lang='lat' dir='ltr'>Deum</span> <span class='ocrx_word' id='word_1_51' title='bbox 1348 1132 1728 1202; x_wconf 83' lang='lat' dir='ltr'>advocatus</span> <span class='ocrx_word' id='word_1_52' title='bbox 1789 1144 2185 1202; x_wconf 87' lang='lat' dir='ltr'>cunctorum</span> <span class='ocrx_word' id='word_1_53' title='bbox 2236 1132 2498 1201; x_wconf 86' lang='lat' dir='ltr'>fidelis-</span> 
     </span>
     <span class='ocr_line' id='line_1_8' title="bbox 365 1237 2497 1331; baseline 0.001 -27"><span class='ocrx_word' id='word_1_54' title='bbox 365 1237 581 1304; x_wconf 91' lang='lat' dir='ltr'>simus</span> <span class='ocrx_word' id='word_1_55' title='bbox 630 1247 701 1306; x_wconf 94' lang='lat' dir='ltr'>et</span> <span class='ocrx_word' id='word_1_56' title='bbox 738 1237 1280 1325; x_wconf 80' lang='lat' dir='ltr'>efficacissimuS,</span> <span class='ocrx_word' id='word_1_57' title='bbox 1319 1249 1397 1308; x_wconf 90' lang='lat' dir='ltr'>ut</span> <span class='ocrx_word' id='word_1_58' title='bbox 1439 1239 1876 1331; x_wconf 77' lang='lat' dir='ltr'>apertissime</span> <span class='ocrx_word' id='word_1_59' title='bbox 1924 1241 2162 1320; x_wconf 88' lang='lat' dir='ltr'>claret,</span> <span class='ocrx_word' id='word_1_60' title='bbox 2205 1239 2294 1308; x_wconf 89' lang='lat' dir='ltr'>ab</span> <span class='ocrx_word' id='word_1_61' title='bbox 2343 1239 2497 1307; x_wconf 89' lang='lat' dir='ltr'>uni-</span> 
     </span>
     <span class='ocr_line' id='line_1_9' title="bbox 362 1344 2497 1438; baseline 0.002 -26"><span class='ocrx_word' id='word_1_62' title='bbox 362 1344 589 1412; x_wconf 89' lang='lat' dir='ltr'>versis</span> <span class='ocrx_word' id='word_1_63' title='bbox 667 1344 930 1415; x_wconf 79' lang='lat' dir='ltr'>Christi</span> <span class='ocrx_word' id='word_1_64' title='bbox 1004 1345 1357 1434; x_wconf 85' lang='lat' dir='ltr'>fidelibus,</span> <span class='ocrx_word' id='word_1_65' title='bbox 1431 1347 1666 1438; x_wconf 90' lang='lat' dir='ltr'>procul</span> <span class='ocrx_word' id='word_1_66' title='bbox 1739 1348 1981 1434; x_wconf 85' lang='lat' dir='ltr'>dubio,</span> <span class='ocrx_word' id='word_1_67' title='bbox 2058 1347 2313 1438; x_wconf 87' lang='lat' dir='ltr'>dignus</span> <span class='ocrx_word' id='word_1_68' title='bbox 2386 1356 2497 1417; x_wconf 81' lang='lat' dir='ltr'>est</span> 
     </span>
     <span class='ocr_line' id='line_1_10' title="bbox 264 1451 2490 1545; baseline 0.001 -26"><span class='ocrx_word' id='word_1_69' title='bbox 264 1456 279 1463; x_wconf 48' lang='lat'>²</span> <span class='ocrx_word' id='word_1_70' title='bbox 365 1451 653 1520; x_wconf 89' lang='lat' dir='ltr'>solemni</span> <span class='ocrx_word' id='word_1_71' title='bbox 719 1453 1031 1521; x_wconf 88' lang='lat' dir='ltr'>venerari</span> <span class='ocrx_word' id='word_1_72' title='bbox 1097 1453 1452 1542; x_wconf 83' lang='lat' dir='ltr'>beneficio,</span> <span class='ocrx_word' id='word_1_73' title='bbox 1502 1478 1767 1523; x_wconf 89' lang='lat' dir='ltr'>summo</span> <span class='ocrx_word' id='word_1_74' title='bbox 1833 1455 2065 1524; x_wconf 79' lang='lat' dir='ltr'>extolli</span> <span class='ocrx_word' id='word_1_75' title='bbox 2122 1454 2490 1545; x_wconf 85' lang='lat' dir='ltr'>praeconi0‚</span> 
     </span>
     <span class='ocr_line' id='line_1_11' title="bbox 364 1559 2495 1653; baseline 0.001 -27"><span class='ocrx_word' id='word_1_76' title='bbox 364 1561 538 1627; x_wconf 83' lang='lat' dir='ltr'>sesto</span> <span class='ocrx_word' id='word_1_77' title='bbox 579 1559 934 1628; x_wconf 86' lang='lat' dir='ltr'>sublimari</span> <span class='ocrx_word' id='word_1_78' title='bbox 972 1561 1316 1652; x_wconf 83' lang='lat' dir='ltr'>praecipuo</span> <span class='ocrx_word' id='word_1_79' title='bbox 1353 1585 1434 1629; x_wconf 91' lang='lat' dir='ltr'>ac</span> <span class='ocrx_word' id='word_1_80' title='bbox 1482 1562 1555 1630; x_wconf 88' lang='lat' dir='ltr'>in</span> <span class='ocrx_word' id='word_1_81' title='bbox 1600 1561 1927 1630; x_wconf 88' lang='lat' dir='ltr'>universo</span> <span class='ocrx_word' id='word_1_82' title='bbox 1974 1562 2225 1630; x_wconf 90' lang='lat' dir='ltr'>mundo</span> <span class='ocrx_word' id='word_1_83' title='bbox 2273 1560 2495 1653; x_wconf 93' lang='lat' dir='ltr'>ipsius</span> 
     </span>
    </p>
   </div>
   <div class='ocr_carea' id='block_1_3' title="bbox 364 1665 2497 1864">
    <p class='ocr_par' dir='ltr' id='par_1_3' title="bbox 364 1665 2497 1864">
     <span class='ocr_line' id='line_1_12' title="bbox 366 1665 2497 1759; baseline 0.001 -26"><span class='ocrx_word' id='word_1_84' title='bbox 366 1665 656 1759; x_wconf 86' lang='lat' dir='ltr'>gloriam</span> <span class='ocrx_word' id='word_1_85' title='bbox 716 1665 789 1735; x_wconf 90' lang='lat' dir='ltr'>in</span> <span class='ocrx_word' id='word_1_86' title='bbox 843 1668 1093 1759; x_wconf 92' lang='lat' dir='ltr'>populo</span> <span class='ocrx_word' id='word_1_87' title='bbox 1161 1668 1633 1738; x_wconf 81' lang='lat' dir='ltr'>favorabiliter</span> <span class='ocrx_word' id='word_1_88' title='bbox 1702 1680 1770 1738; x_wconf 87' lang='lat' dir='ltr'>et</span> <span class='ocrx_word' id='word_1_89' title='bbox 1826 1693 1978 1738; x_wconf 90' lang='lat' dir='ltr'>cum</span> <span class='ocrx_word' id='word_1_90' title='bbox 2047 1669 2232 1737; x_wconf 90' lang='lat' dir='ltr'>omni</span> <span class='ocrx_word' id='word_1_91' title='bbox 2297 1692 2497 1736; x_wconf 88' lang='lat' dir='ltr'>reve-</span> 
     </span>
     <span class='ocr_line' id='line_1_13' title="bbox 364 1773 1009 1864; baseline 0.002 -22"><span class='ocrx_word' id='word_1_92' title='bbox 364 1773 583 1843; x_wconf 87' lang='lat' dir='ltr'>rentia</span> <span class='ocrx_word' id='word_1_93' title='bbox 600 1773 1009 1864; x_wconf 67' lang='lat' dir='ltr'>praedicari.</span> 
     </span>
    </p>
   </div>
   <div class='ocr_carea' id='block_1_4' title="bbox 958 2155 1890 2242">
    <p class='ocr_par' dir='ltr' id='par_1_4' title="bbox 958 2155 1890 2242">
     <span class='ocr_line' id='line_1_14' title="bbox 958 2155 1890 2242; baseline -0.004 -26"><span class='ocrx_word' id='word_1_94' title='bbox 958 2155 1031 2216; x_wconf 81' lang='lat'>2.</span> <span class='ocrx_word' id='word_1_95' title='bbox 1085 2155 1474 2216; x_wconf 80' lang='lat' dir='ltr'>Conclusio</span> <span class='ocrx_word' id='word_1_96' title='bbox 1529 2155 1890 2242; x_wconf 63' lang='lat' dir='ltr'>legenda.</span> 
     </span>
    </p>
   </div>
   <div class='ocr_carea' id='block_1_5' title="bbox 358 2443 2495 4356">
    <p class='ocr_par' dir='ltr' id='par_1_5' title="bbox 358 2443 2495 4356">
     <span class='ocr_line' id='line_1_15' title="bbox 456 2443 2488 2539; baseline -0.001 -24"><span class='ocrx_word' id='word_1_97' title='bbox 456 2448 562 2516; x_wconf 85' lang='lat'>14.</span> <span class='ocrx_word' id='word_1_98' title='bbox 619 2444 938 2515; x_wconf 87' lang='lat' dir='ltr'>Gloriare</span> <span class='ocrx_word' id='word_1_99' title='bbox 984 2445 1199 2539; x_wconf 84' lang='lat' dir='ltr'>igitur</span> <span class='ocrx_word' id='word_1_100' title='bbox 1252 2446 1395 2539; x_wconf 86' lang='lat' dir='ltr'>jam</span> <span class='ocrx_word' id='word_1_101' title='bbox 1454 2470 1712 2538; x_wconf 31' lang='lat' dir='ltr'>secure·</span> <span class='ocrx_word' id='word_1_102' title='bbox 1744 2444 1816 2515; x_wconf 91' lang='lat' dir='ltr'>in</span> <span class='ocrx_word' id='word_1_103' title='bbox 1865 2444 2184 2532; x_wconf 90' lang='lat' dir='ltr'>Domino,</span> <span class='ocrx_word' id='word_1_104' title='bbox 2244 2443 2488 2514; x_wconf 90' lang='lat' dir='ltr'>civitas</span> 
     </span>
     <span class='ocr_line' id='line_1_16' title="bbox 368 2551 2489 2647; baseline -0.001 -26"><span class='ocrx_word' id='word_1_105' title='bbox 368 2554 714 2642; x_wconf 89' lang='lat' dir='ltr'>Paduana‚</span> <span class='ocrx_word' id='word_1_106' title='bbox 758 2553 875 2646; x_wconf 90' lang='lat' dir='ltr'>qui</span> <span class='ocrx_word' id='word_1_107' title='bbox 904 2554 1030 2623; x_wconf 92' lang='lat' dir='ltr'>tibi</span> <span class='ocrx_word' id='word_1_108' title='bbox 1058 2553 1248 2623; x_wconf 86' lang='lat' dir='ltr'>dedit</span> <span class='ocrx_word' id='word_1_109' title='bbox 1285 2553 1644 2647; x_wconf 83' lang='lat' dir='ltr'>egregium</span> <span class='ocrx_word' id='word_1_110' title='bbox 1667 2553 1957 2646; x_wconf 83' lang='lat' dir='ltr'>justitiae</span> <span class='ocrx_word' id='word_1_111' title='bbox 1996 2553 2344 2621; x_wconf 89' lang='lat' dir='ltr'>doctorem</span> <span class='ocrx_word' id='word_1_112' title='bbox 2373 2551 2489 2643; x_wconf 90' lang='lat' dir='ltr'>qui</span> 
     </span>
     <span class='ocr_line' id='line_1_17' title="bbox 366 2658 2486 2752; baseline -0 -25"><span class='ocrx_word' id='word_1_113' title='bbox 366 2661 581 2729; x_wconf 89' lang='lat' dir='ltr'>sacris</span> <span class='ocrx_word' id='word_1_114' title='bbox 618 2671 690 2729; x_wconf 90' lang='lat' dir='ltr'>te</span> <span class='ocrx_word' id='word_1_115' title='bbox 744 2660 1347 2752; x_wconf 82' lang='lat' dir='ltr'>praedicationibus</span> <span class='ocrx_word' id='word_1_116' title='bbox 1387 2671 1456 2729; x_wconf 91' lang='lat' dir='ltr'>et</span> <span class='ocrx_word' id='word_1_117' title='bbox 1494 2661 1782 2752; x_wconf 89' lang='lat' dir='ltr'>eloquiis</span> <span class='ocrx_word' id='word_1_118' title='bbox 1837 2659 2136 2729; x_wconf 88' lang='lat' dir='ltr'>erudivit</span> <span class='ocrx_word' id='word_1_119' title='bbox 2179 2658 2486 2745; x_wconf 78' lang='lat' dir='ltr'>mirifice,</span> 
     </span>
     <span class='ocr_line' id='line_1_18' title="bbox 361 2765 2489 2859; baseline -0.001 -24"><span class='ocrx_word' id='word_1_120' title='bbox 361 2777 781 2858; x_wconf 87' lang='lat' dir='ltr'>patratorem</span> <span class='ocrx_word' id='word_1_121' title='bbox 817 2767 1297 2836; x_wconf 82' lang='lat' dir='ltr'>miraculorum</span> <span class='ocrx_word' id='word_1_122' title='bbox 1329 2767 1646 2836; x_wconf 87' lang='lat' dir='ltr'>eximium</span> <span class='ocrx_word' id='word_1_123' title='bbox 1667 2768 1783 2859; x_wconf 90' lang='lat' dir='ltr'>qui</span> <span class='ocrx_word' id='word_1_124' title='bbox 1813 2777 1880 2836; x_wconf 92' lang='lat' dir='ltr'>te</span> <span class='ocrx_word' id='word_1_125' title='bbox 1908 2767 2132 2858; x_wconf 84' lang='lat' dir='ltr'>signis</span> <span class='ocrx_word' id='word_1_126' title='bbox 2162 2776 2229 2834; x_wconf 84' lang='lat' dir='ltr'>et</span> <span class='ocrx_word' id='word_1_127' title='bbox 2267 2765 2489 2857; x_wconf 90' lang='lat' dir='ltr'>prodi·</span> 
     </span>
     <span class='ocr_line' id='line_1_19' title="bbox 360 2873 2491 2966; baseline -0 -25"><span class='ocrx_word' id='word_1_128' title='bbox 360 2875 491 2965; x_wconf 86' lang='lat' dir='ltr'>giis</span> <span class='ocrx_word' id='word_1_129' title='bbox 530 2874 909 2942; x_wconf 86' lang='lat' dir='ltr'>illustravit</span> <span class='ocrx_word' id='word_1_130' title='bbox 947 2873 1336 2966; x_wconf 83' lang='lat' dir='ltr'>magnifice,</span> <span class='ocrx_word' id='word_1_131' title='bbox 1377 2875 1783 2942; x_wconf 88' lang='lat' dir='ltr'>benevolum</span> <span class='ocrx_word' id='word_1_132' title='bbox 1823 2886 1980 2942; x_wconf 90' lang='lat' dir='ltr'>ante</span> <span class='ocrx_word' id='word_1_133' title='bbox 2022 2877 2239 2942; x_wconf 91' lang='lat' dir='ltr'>Deum</span> <span class='ocrx_word' id='word_1_134' title='bbox 2278 2873 2491 2942; x_wconf 90' lang='lat' dir='ltr'>inter-</span> 
     </span>
     <span class='ocr_line' id='line_1_20' title="bbox 360 2979 2489 3073; baseline -0.001 -24"><span class='ocrx_word' id='word_1_135' title='bbox 360 3005 703 3050; x_wconf 88' lang='lat' dir='ltr'>cessorem</span> <span class='ocrx_word' id='word_1_136' title='bbox 741 2982 857 3073; x_wconf 91' lang='lat' dir='ltr'>qui</span> <span class='ocrx_word' id='word_1_137' title='bbox 894 2981 1243 3050; x_wconf 83' lang='lat' dir='ltr'>beneficiis</span> <span class='ocrx_word' id='word_1_138' title='bbox 1282 2981 1676 3051; x_wconf 86' lang='lat' dir='ltr'>multifariis</span> <span class='ocrx_word' id='word_1_139' title='bbox 1715 2992 1783 3050; x_wconf 85' lang='lat' dir='ltr'>te</span> <span class='ocrx_word' id='word_1_140' title='bbox 1822 2980 2194 3049; x_wconf 87' lang='lat' dir='ltr'>cumulavit</span> <span class='ocrx_word' id='word_1_141' title='bbox 2223 2979 2489 3047; x_wconf 89' lang='lat' dir='ltr'>honori-</span> 
     </span>
     <span class='ocr_line' id='line_1_21' title="bbox 358 3086 2488 3178; baseline -0.001 -23"><span class='ocrx_word' id='word_1_142' title='bbox 358 3088 503 3157; x_wconf 85' lang='lat' dir='ltr'>fice.</span> <span class='ocrx_word' id='word_1_143' title='bbox 573 3092 677 3157; x_wconf 90' lang='lat'>15.</span> <span class='ocrx_word' id='word_1_144' title='bbox 740 3090 1044 3157; x_wconf 77' lang='lat' dir='ltr'>Laetetur</span> <span class='ocrx_word' id='word_1_145' title='bbox 1082 3097 1150 3156; x_wconf 89' lang='lat' dir='ltr'>et</span> <span class='ocrx_word' id='word_1_146' title='bbox 1196 3112 1397 3156; x_wconf 88' lang='lat' dir='ltr'>sacra</span> <span class='ocrx_word' id='word_1_147' title='bbox 1446 3087 1789 3157; x_wconf 89' lang='lat' dir='ltr'>Minorum</span> <span class='ocrx_word' id='word_1_148' title='bbox 1844 3092 2161 3157; x_wconf 85' lang='lat' dir='ltr'>Fratrum</span> <span class='ocrx_word' id='word_1_149' title='bbox 2216 3086 2488 3178; x_wconf 84' lang='lat' dir='ltr'>religio,</span> 
     </span>
     <span class='ocr_line' id='line_1_22' title="bbox 362 3193 2486 3287; baseline -0.001 -25"><span class='ocrx_word' id='word_1_150' title='bbox 362 3218 508 3285; x_wconf 84' lang='lat' dir='ltr'>quae</span> <span class='ocrx_word' id='word_1_151' title='bbox 554 3206 699 3264; x_wconf 88' lang='lat' dir='ltr'>tam</span> <span class='ocrx_word' id='word_1_152' title='bbox 750 3195 1154 3287; x_wconf 80' lang='lat' dir='ltr'>praeclarum</span> <span class='ocrx_word' id='word_1_153' title='bbox 1209 3195 1463 3282; x_wconf 91' lang='lat' dir='ltr'>lumen,</span> <span class='ocrx_word' id='word_1_154' title='bbox 1525 3195 1748 3264; x_wconf 87' lang='lat' dir='ltr'>adhuc</span> <span class='ocrx_word' id='word_1_155' title='bbox 1806 3206 2047 3263; x_wconf 89' lang='lat' dir='ltr'>tenera</span> <span class='ocrx_word' id='word_1_156' title='bbox 2113 3193 2486 3279; x_wconf 82' lang='lat' dir='ltr'>exsistens,</span> 
     </span>
     <span class='ocr_line' id='line_1_23' title="bbox 361 3301 2489 3393; baseline -0.001 -24"><span class='ocrx_word' id='word_1_157' title='bbox 361 3302 677 3371; x_wconf 85' lang='lat' dir='ltr'>fidelibus</span> <span class='ocrx_word' id='word_1_158' title='bbox 726 3302 1011 3393; x_wconf 87' lang='lat' dir='ltr'>protulit</span> <span class='ocrx_word' id='word_1_159' title='bbox 1066 3302 1488 3370; x_wconf 83' lang='lat' dir='ltr'>christianiS.</span> <span class='ocrx_word' id='word_1_160' title='bbox 1537 3307 1641 3371; x_wconf 84' lang='lat'>16.</span> <span class='ocrx_word' id='word_1_161' title='bbox 1677 3301 1840 3390; x_wconf 88' lang='lat' dir='ltr'>Qui,</span> <span class='ocrx_word' id='word_1_162' title='bbox 1879 3302 2026 3371; x_wconf 89' lang='lat' dir='ltr'>vita</span> <span class='ocrx_word' id='word_1_163' title='bbox 2065 3312 2132 3370; x_wconf 88' lang='lat' dir='ltr'>et</span> <span class='ocrx_word' id='word_1_164' title='bbox 2178 3301 2489 3369; x_wconf 90' lang='lat' dir='ltr'>doctrina</span> 
     </span>
     <span class='ocr_line' id='line_1_24' title="bbox 363 3409 2488 3499; baseline -0 -24"><span class='ocrx_word' id='word_1_165' title='bbox 363 3409 430 3476; x_wconf 92' lang='lat' dir='ltr'>in</span> <span class='ocrx_word' id='word_1_166' title='bbox 459 3409 712 3477; x_wconf 90' lang='lat' dir='ltr'>mundo</span> <span class='ocrx_word' id='word_1_167' title='bbox 751 3409 1138 3477; x_wconf 88' lang='lat' dir='ltr'>clarescens</span> <span class='ocrx_word' id='word_1_168' title='bbox 1170 3418 1372 3499; x_wconf 87' lang='lat' dir='ltr'>atque</span> <span class='ocrx_word' id='word_1_169' title='bbox 1410 3409 2007 3478; x_wconf 86' lang='lat' dir='ltr'>innumerabilium</span> <span class='ocrx_word' id='word_1_170' title='bbox 2045 3411 2185 3476; x_wconf 83' lang='lat' dir='ltr'>sere</span> <span class='ocrx_word' id='word_1_171' title='bbox 2223 3409 2488 3476; x_wconf 89' lang='lat' dir='ltr'>animas</span> 
     </span>
     <span class='ocr_line' id='line_1_25' title="bbox 362 3512 2489 3607; baseline -0.002 -23"><span class='ocrx_word' id='word_1_172' title='bbox 362 3517 445 3584; x_wconf 90' lang='lat' dir='ltr'>ad</span> <span class='ocrx_word' id='word_1_173' title='bbox 472 3518 659 3585; x_wconf 88' lang='lat' dir='ltr'>viam</span> <span class='ocrx_word' id='word_1_174' title='bbox 700 3516 945 3584; x_wconf 87' lang='lat' dir='ltr'>salutis</span> <span class='ocrx_word' id='word_1_175' title='bbox 984 3515 1068 3584; x_wconf 94' lang='lat' dir='ltr'>de</span> <span class='ocrx_word' id='word_1_176' title='bbox 1097 3516 1378 3584; x_wconf 84' lang='lat' dir='ltr'>saecibus</span> <span class='ocrx_word' id='word_1_177' title='bbox 1408 3527 1867 3606; x_wconf 87' lang='lat' dir='ltr'>peccatorum,</span> <span class='ocrx_word' id='word_1_178' title='bbox 1913 3525 2318 3607; x_wconf 84' lang='lat' dir='ltr'>cooperante</span> <span class='ocrx_word' id='word_1_179' title='bbox 2357 3512 2489 3581; x_wconf 91' lang='lat' dir='ltr'>sibi</span> 
     </span>
     <span class='ocr_line' id='line_1_26' title="bbox 364 3621 2489 3716; baseline -0.002 -24"><span class='ocrx_word' id='word_1_180' title='bbox 364 3625 588 3716; x_wconf 88' lang='lat' dir='ltr'>gratia</span> <span class='ocrx_word' id='word_1_181' title='bbox 636 3648 963 3716; x_wconf 88' lang='lat' dir='ltr'>superna,</span> <span class='ocrx_word' id='word_1_182' title='bbox 1010 3622 1419 3714; x_wconf 88' lang='lat' dir='ltr'>perducens,</span> <span class='ocrx_word' id='word_1_183' title='bbox 1463 3623 1659 3714; x_wconf 88' lang='lat' dir='ltr'>quasi</span> <span class='ocrx_word' id='word_1_184' title='bbox 1713 3623 2130 3714; x_wconf 88' lang='lat' dir='ltr'>duplicatam</span> <span class='ocrx_word' id='word_1_185' title='bbox 2178 3623 2248 3690; x_wconf 92' lang='lat' dir='ltr'>in</span> <span class='ocrx_word' id='word_1_186' title='bbox 2299 3621 2489 3688; x_wconf 87' lang='lat' dir='ltr'>coelis</span> 
     </span>
     <span class='ocr_line' id='line_1_27' title="bbox 363 3728 2491 3822; baseline -0.001 -25"><span class='ocrx_word' id='word_1_187' title='bbox 363 3742 664 3822; x_wconf 89' lang='lat' dir='ltr'>reportat</span> <span class='ocrx_word' id='word_1_188' title='bbox 703 3729 1083 3799; x_wconf 88' lang='lat' dir='ltr'>mercedem</span> <span class='ocrx_word' id='word_1_189' title='bbox 1126 3730 1517 3821; x_wconf 91' lang='lat' dir='ltr'>perenniter</span> <span class='ocrx_word' id='word_1_190' title='bbox 1566 3730 1941 3821; x_wconf 79' lang='lat' dir='ltr'>gloriosuS.</span> <span class='ocrx_word' id='word_1_191' title='bbox 2008 3732 2114 3799; x_wconf 88' lang='lat'>17.</span> <span class='ocrx_word' id='word_1_192' title='bbox 2173 3728 2491 3796; x_wconf 85' lang='lat' dir='ltr'>Exsultet</span> 
     </span>
     <span class='ocr_line' id='line_1_28' title="bbox 368 3835 2491 3930; baseline -0.001 -26"><span class='ocrx_word' id='word_1_193' title='bbox 368 3838 720 3930; x_wconf 87' lang='lat' dir='ltr'>Hispania,</span> <span class='ocrx_word' id='word_1_194' title='bbox 764 3862 916 3929; x_wconf 70' lang='lat' dir='ltr'>qua&gt;</span> <span class='ocrx_word' id='word_1_195' title='bbox 955 3836 1091 3906; x_wconf 91' lang='lat' dir='ltr'>alte</span> <span class='ocrx_word' id='word_1_196' title='bbox 1131 3847 1482 3905; x_wconf 88' lang='lat' dir='ltr'>tonantem</span> <span class='ocrx_word' id='word_1_197' title='bbox 1514 3841 1753 3928; x_wconf 86' lang='lat' dir='ltr'>genuit</span> <span class='ocrx_word' id='word_1_198' title='bbox 1791 3837 2208 3916; x_wconf 91' lang='lat' dir='ltr'>Antonium;</span> <span class='ocrx_word' id='word_1_199' title='bbox 2244 3835 2491 3926; x_wconf 89' lang='lat' dir='ltr'>jucun-</span> 
     </span>
     <span class='ocr_line' id='line_1_29' title="bbox 365 3943 2488 4036; baseline -0.001 -24"><span class='ocrx_word' id='word_1_200' title='bbox 365 3944 555 4013; x_wconf 88' lang='lat' dir='ltr'>detur</span> <span class='ocrx_word' id='word_1_201' title='bbox 614 3945 839 4030; x_wconf 89' lang='lat' dir='ltr'>Italia,</span> <span class='ocrx_word' id='word_1_202' title='bbox 891 3968 1040 4036; x_wconf 70' lang='lat' dir='ltr'>quae</span> <span class='ocrx_word' id='word_1_203' title='bbox 1095 3954 1236 4012; x_wconf 89' lang='lat' dir='ltr'>tam</span> <span class='ocrx_word' id='word_1_204' title='bbox 1292 3944 1671 4036; x_wconf 87' lang='lat' dir='ltr'>pretiosum</span> <span class='ocrx_word' id='word_1_205' title='bbox 1728 3945 2126 4012; x_wconf 86' lang='lat' dir='ltr'>thesaurum</span> <span class='ocrx_word' id='word_1_206' title='bbox 2184 3943 2365 4009; x_wconf 89' lang='lat' dir='ltr'>intra</span> <span class='ocrx_word' id='word_1_207' title='bbox 2415 3965 2488 4009; x_wconf 92' lang='lat' dir='ltr'>se</span> 
     </span>
     <span class='ocr_line' id='line_1_30' title="bbox 367 4049 2495 4142; baseline -0.001 -25"><span class='ocrx_word' id='word_1_208' title='bbox 367 4053 783 4120; x_wconf 86' lang='lat' dir='ltr'>reconditum</span> <span class='ocrx_word' id='word_1_209' title='bbox 851 4050 1103 4119; x_wconf 89' lang='lat' dir='ltr'>habere</span> <span class='ocrx_word' id='word_1_210' title='bbox 1169 4051 1566 4142; x_wconf 89' lang='lat' dir='ltr'>promeruit.</span> <span class='ocrx_word' id='word_1_211' title='bbox 1642 4055 1748 4120; x_wconf 87' lang='grc'>18.</span> <span class='ocrx_word' id='word_1_212' title='bbox 1822 4050 2142 4121; x_wconf 89' lang='lat' dir='ltr'>Gaudeat</span> <span class='ocrx_word' id='word_1_213' title='bbox 2205 4049 2495 4117; x_wconf 87' lang='lat' dir='ltr'>eeclesia</span> 
     </span>
     <span class='ocr_line' id='line_1_31' title="bbox 368 4156 2494 4249; baseline -0.001 -25"><span class='ocrx_word' id='word_1_214' title='bbox 368 4159 588 4227; x_wconf 91' lang='lat' dir='ltr'>mundi</span> <span class='ocrx_word' id='word_1_215' title='bbox 620 4159 826 4249; x_wconf 89' lang='lat' dir='ltr'>hujus</span> <span class='ocrx_word' id='word_1_216' title='bbox 866 4157 1123 4227; x_wconf 76' lang='lat' dir='ltr'>militiae</span> <span class='ocrx_word' id='word_1_217' title='bbox 1159 4157 1589 4245; x_wconf 86' lang='lat' dir='ltr'>deserviens,</span> <span class='ocrx_word' id='word_1_218' title='bbox 1619 4181 1770 4248; x_wconf 84' lang='lat' dir='ltr'>quae</span> <span class='ocrx_word' id='word_1_219' title='bbox 1807 4158 1905 4226; x_wconf 88' lang='lat' dir='ltr'>sie</span> <span class='ocrx_word' id='word_1_220' title='bbox 1945 4157 2262 4225; x_wconf 90' lang='lat' dir='ltr'>idoneum</span> <span class='ocrx_word' id='word_1_221' title='bbox 2293 4156 2494 4247; x_wconf 85' lang='lat' dir='ltr'>pugi-</span> 
     </span>
     <span class='ocr_line' id='line_1_32' title="bbox 368 4263 2491 4356; baseline -0.001 -25"><span class='ocrx_word' id='word_1_222' title='bbox 368 4263 489 4333; x_wconf 90' lang='lat' dir='ltr'>lem</span> <span class='ocrx_word' id='word_1_223' title='bbox 518 4265 678 4335; x_wconf 83' lang='lat' dir='ltr'>fidei</span> <span class='ocrx_word' id='word_1_224' title='bbox 708 4275 966 4334; x_wconf 83' lang='lat' dir='ltr'>nostrae</span> <span class='ocrx_word' id='word_1_225' title='bbox 1015 4275 1501 4356; x_wconf 89' lang='lat' dir='ltr'>strenuumque</span> <span class='ocrx_word' id='word_1_226' title='bbox 1546 4265 1829 4334; x_wconf 90' lang='lat' dir='ltr'>militem</span> <span class='ocrx_word' id='word_1_227' title='bbox 1859 4264 2062 4355; x_wconf 88' lang='lat' dir='ltr'>hujus</span> <span class='ocrx_word' id='word_1_228' title='bbox 2098 4263 2491 4331; x_wconf 71' lang='lat' dir='ltr'>christianae</span> 
     </span>
    </p>
   </div>
  </div>
 </body>
</html>
