3109 4950
572 392 706 459 ,152

572 670 655 718 31.

572 831 631 878 32

571 1064 654 1110 33.

570 1143 654 1191 34.

571 1306 655 1351 35.

571 1851 655 1897 36.

573 2011 656 2057 37.

569 2566 654 2614 38.

876 550 956 601 De
983 548 1306 616 epilepticis.

698 667 760 718 In
807 666 1030 717 civitate
1074 664 1429 717 Paduana...
1479 664 1587 718 Mi-

697 746 935 798 chelola.

698 827 865 879 Puer.
884 865 928 878 ..
959 826 1195 880 Simeon.

904 943 985 994 De
1007 943 1274 1010 gibbosis.

694 1059 947 1110 JuvenlS.
965 1097 978 1109 .
998 1097 1010 1109 .
1053 1058 1434 1110 Tridentinus.

666 1140 760 1190 ·In
800 1140 1026 1190 civitate
1055 1139 1433 1190 Tarvisina...
1480 1138 1585 1192 Ve-

698 1219 923 1270 netiana
934 1258 946 1271 .

696 1302 796 1351 Vir
832 1299 1058 1365 quidam
1090 1300 1382 1352 Gnidolas.

791 1416 872 1467 De
897 1402 1372 1482 febricitantibus.

695 1532 935 1584 Bonicas
964 1530 1033 1583 de
1062 1532 1351 1583 Runcalla.

697 1613 843 1664 Puer
869 1612 1069 1664 Zet-ias
1097 1650 1112 1663 .

752 1729 835 1781 De
865 1731 1094 1781 mortuis
1121 1729 1427 1781 suscitatis.

696 1846 759 1897 In
788 1846 1054 1897 comitatu
1086 1845 1288 1897 Padum
1312 1848 1545 1913 puella..
1566 1884 1578 1897 .

694 1925 937 1979 Eurilia.

698 2007 761 2058 In
806 2009 1031 2060 civitate
1077 2008 1145 2060 de
1192 2009 1483 2073 Gomaglo.
1502 2047 1514 2061 .
1533 2049 1545 2060 .
1565 2048 1577 2060 .

697 2086 1107 2141 Dominio-us...
1161 2091 1462 2155 parvalum
1515 2092 1586 2155 fi-

698 2168 857 2220 liam.

704 2286 750 2300 ..
768 2287 781 2300 .
809 2248 1125 2312 (Additions
1153 2250 1226 2302 du
1250 2264 1350 2303 ms.
1383 2251 1451 2303 de
1478 2252 1585 2303 Pa-

698 2328 880 2391 doueL

767 2445 853 2498 De
880 2447 1025 2500 vitro
1054 2451 1397 2500 conservato.

697 2562 940 2614 Miles...
963 2562 1033 2615 de
1055 2563 1380 2616 Salvaterra
1399 2566 1587 2617 Alear-

698 2644 888 2695 dinus.

602 2758 685 2810 De
715 2760 940 2812 muliere
960 2775 1232 2826 percussa
1258 2777 1294 2813 a
1328 2762 1584 2814 Domino.

572 2880 659 2927 39.
703 2878 873 2929 Soror
901 2876 1239 2942 quaedam...
1280 2879 1463 2932 Oliva.

572 2992 654 3043 De
684 2993 910 3044 muliere
928 2994 1176 3059 projecta
1205 2993 1262 3046 in
1293 3009 1456 3060 aqua,
1478 2998 1584 3048 etc.

573 3111 657 3158 4ο.
696 3107 981 3160 Mulier...
1015 3110 1083 3159 de
1115 3108 1296 3162 Monte
1326 3111 1516 3162 Silice.

574 3341 658 3388 41.

570 3653 656 3702 42.

853 3222 936 3274 De
973 3226 1288 3292 naufragis.

707 3339 828 3390 Viri
863 3343 916 3392 el
958 3341 1347 3394 maliet-«2³0...

699 3433 818 3471 aex.

1388 3345 1584 3409 viginti

755 3535 837 3586 De
864 3535 1080 3600 infideli
1094 3551 1377 3604 percusso.

698 3651 947 3703 Clericus
1000 3651 1068 3703 de
1114 3654 1577 3719 Anguillaria....

699 3731 991 3784 Guidolas.

692 3846 772 3897 De
789 3849 1039 3914 panicio.
1058 3888 1070 3899 .
1089 3887 1102 3901 .
1140 3856 1481 3904 conservato.

570 3964 655 4012 43.
695 3961 895 4015 Mulier
920 3964 987 4015 de
1016 3964 1397 4033 Trimegnone.

789 4078 872 4130 De
916 4085 1043 4132 volo
1068 4082 1367 4134 subtracta.

572 4198 633 4245 44
646 4234 658 4245 .
700 4195 846 4247 Puer
874 4195 1165 4248 Hem-icas.

888 4290 1573 4344 .manque....

1696 670 1779 717 31.

1695 831 1756 877 32

1693 1065 1754 1111 33

1695 1145 1754 1190 34

1695 1304 1754 1350 35

1693 1851 1756 1897 36

1693 2012 1753 2058 37

1697 2569 1779 2616 38.

1698 2884 1781 2930 39.

1695 3112 1779 3160 40.

1693 3345 1777 3392 41.

1695 3657 1777 3703 42.

1693 3971 1778 4018 43.

1692 4202 1776 4250 44.

1130 411 1190 456 S.
1235 410 1527 457 AN'ronn
1577 410 1898 459 LEGENDA
1946 412 2165 459 PRIMA

1821 668 2164 719 Rolandas...
2187 674 2548 734 cognomento
2578 671 2710 722 Bol-

1821 760 2007 812 gama,
2039 750 2330 813 (cl-contre
2359 754 2458 814 27).

1820 827 2161 891 manardus,
2208 830 2498 894 (ci-contre
2527 830 2626 895 25).

1816 1060 2083 1124 ueniens,
2151 1061 2443 1125 (ei-contre
2472 1066 2570 1129 26).

1820 1141 2041 1193 Petrus,
2060 1181 2071 1193 .
2091 1179 2103 1192 .
2153 1141 2324 1194 filiam
2359 1142 2709 1207 Padaanam,

1819 1221 2101 1286 (cl-contre
2128 1224 2196 1288 8).

1821 1301 1966 1353 Puer
1990 1303 2227 1365 Simeon,
2268 1305 2558 1365 (cl-contre
2595 1308 2701 1371 32).

1984 1572 1997 1586 .
2067 1537 2348 1602 (manqua)
2407 1576 2420 1587 .
2500 1577 2514 1589 .
2593 1575 2606 1588 .
2692 1577 2705 1589 .

1984 1653 1996 1667 .
2066 1616 2344 1682 (manque)
2409 1657 2422 1669 .
2502 1656 2514 1669 .
2596 1658 2608 1670 .
2691 1658 2704 1670 .

1819 1848 1880 1898 In
1916 1849 2181 1899 comitatu
2213 1849 2438 1900 Paduae.
2458 1889 2470 1899 .
2491 1887 2503 1900 .
2540 1850 2711 1902 filiam

1812 1930 2130 1993 parvulam,
2158 1929 2440 1993 (el-contre
2464 1932 2565 1995 36).

1817 2009 1881 2059 In
1906 2010 2130 2060 civitate
2155 2009 2223 2061 de
2258 2010 2546 2075 Comaglo.
2566 2049 2580 2063 .
2607 2012 2716 2064 Do-

1819 2088 2077 2140 minicas.
2097 2129 2108 2141 .
2127 2127 2140 2140 .
2173 2093 2467 2157 parvulum
2509 2092 2711 2156 tilium,

1822 2170 2114 2233 (ci-contre
2139 2172 2240 2235 37).

1823 2250 1883 2301 In
1954 2250 2164 2316 apulIa,
2236 2252 2460 2305 civitate
2517 2253 2710 2306 Mono-

1813 2330 1954 2396 poli.

1822 2565 1980 2617 Miles
2008 2566 2078 2618 de
2105 2567 2425 2619 salvaterra
2449 2568 2711 2619 Aleardi-

1821 2660 1944 2709 nas,
1972 2647 2265 2710 (ci-contre
2286 2648 2387 2712 33).

1825 2879 2144 2942 Gnidoccas,
2177 2880 2459 2945 (el-contra
2487 2882 2591 2945 42).

1819 3108 1941 3160 Viri
1952 3114 2005 3162 el
2020 3110 2294 3174 mulieres,
2307 3110 2499 3174 (ci-con
2507 3114 2589 3163 [re
2604 3115 2707 3177 41).

1818 3341 2019 3393 Mulier
2054 3343 2120 3394 de
2156 3341 2337 3395 Monte
2381 3318 2566 3406 silice,
2606 3344 2706 3408 (ei-

1819 3425 2009 3473 contra
2030 3423 2129 3487 40).

1821 3654 1991 3704 Soror
2015 3624 2289 3719 quaedam'.
2307 3692 2319 3704 .
2339 3692 2351 3704 .
2391 3655 2571 3718 Oliva,
2608 3656 2709 3720 (ci-

1819 3735 2008 3785 eontra
2033 3734 2135 3798 39).

1818 3965 2035 4029 Mulier,
2068 3966 2360 4031 (ci-contre
2389 3969 2485 4033 43).

1817 4199 2109 4262 Hem-icas,
2144 4199 2437 4263 (cl-contre
2462 4200 2564 4266 44).

1817 4281 1976 4332 Miles
1995 4280 2451 4333 Bartholomaeus.
