3109 4950
860 479 921 525 s,
974 476 1262 524 immun
1311 477 1634 524 Laesum
1685 484 1719 520 (ι
1765 477 2185 524 ammom-ms
2232 484 2263 519 »
2493 457 2623 525 235

497 620 604 685 11.
639 618 698 684 A
728 616 962 708 pueris
1001 616 1205 685 etiam
1245 615 1588 685 Paduanae
1625 616 1820 685 urbis
1863 616 1992 684 fuit
2040 615 2270 684 obitus
2312 616 2462 707 ejus
2500 640 2625 706 per

491 723 891 791 miraculum
955 723 1439 800 denuntiatus;
1499 734 1662 815 post
1725 723 1947 814 ipsam
1999 733 2314 804 mortem,
2380 723 2505 791 suit
2552 722 2623 791 in

493 855 773 923 corpore
825 831 1130 900 totaliter
1176 842 1245 900 et
1295 831 1366 899 in
1421 831 1666 899 melius
1718 839 2271 911 transmutatus;
2333 830 2420 898 ab
2471 830 2624 897 uni-

490 938 718 1006 versis
757 939 1064 1029 ejusdem
1103 939 1295 1007 urbis
1334 938 1461 1007 suit
1498 937 1828 1006 decessus
1874 938 2023 1027 ejus
2065 937 2203 1005 fere
2246 937 2621 1005 inconsola-

491 1045 722 1114 biliter
764 1045 1196 1137 deploratus;
1248 1047 1566 1137 populus,
1621 1045 1734 1137 qui
1786 1069 2034 1113 versus
2088 1044 2157 1112 in
2216 1044 2620 1112 seditionem

492 1154 737 1236 suerat,
774 1153 872 1221 sic
903 1152 1307 1221 miraculose
1344 1153 1780 1244 pacificatus;
1814 1174 2189 1220 concursus
2221 1152 2621 1242 populorum

493 1260 581 1328 ad
630 1259 849 1350 ipsius
910 1260 1241 1328 tumulum
1303 1261 1432 1328 fuit
1486 1260 1808 1328 continuo
1866 1258 2146 1326 mirifice
2194 1258 2532 1327 excitatus
2572 1260 2615 1327 ¹.

497 1370 605 1436 12.
643 1367 864 1447 Unde,
905 1366 963 1435 si
1005 1366 1105 1434 sic
1146 1367 1324 1435 hunc
1362 1377 1629 1458 patrem
1668 1365 2142 1434 beatissimum
2174 1369 2361 1434 Deus
2403 1365 2621 1434 voluit

489 1474 561 1541 in
627 1474 832 1542 terris
894 1473 1271 1566 gloriosum
1338 1474 1584 1559 facere,
1658 1483 1987 1566 quantum
2053 1483 2255 1563 putas
2328 1497 2478 1540 eum
2550 1472 2620 1539 in

490 1581 771 1672 perenni
811 1580 1035 1674 gloria
1076 1580 1443 1673 insigniter
1482 1580 1946 1649 sublimasse?

1493 1882 1622 1998 Ο.

586 2145 647 2209 1.
683 2140 970 2222 Deinde,
1013 2151 1172 2232 post
1213 2145 1269 2208 T
1261 2165 1295 2209 e
1324 2145 1546 2210 Deum
1590 2144 1984 2211 laudamus
2021 2143 2464 2211 devotissime
2501 2143 2621 2211 de-

490 2259 866 2335 cantatum,
908 2249 1047 2316 alta
1089 2272 1376 2316 exorsus
1417 2259 1526 2317 est
1573 2252 1788 2317 voce3
1825 2249 2124 2341 incipere
2175 2250 2616 2341 antiphonam

488 2356 699 2434 illam,
760 2379 913 2447 quae
977 2355 1229 2424 dicitur
1278 2356 1362 2424 de
1415 2355 1851 2425 doctoribus:
1915 2358 1976 2426 O
2035 2356 2271 2425 doctor
2336 2357 2613 2448 optime,

488 2462 795 2532 ecclesiae
865 2472 1122 2532 sanctae
1190 2463 1441 2545 lumen,
1511 2462 1711 2532 beate
1785 2464 2066 2542 Antoni,
2123 2463 2370 2532 divinae
2439 2463 2616 2556 legis

489 2579 780 2657 amator,
822 2569 1189 2661 deprecare
1231 2594 1355 2661 pro
1395 2571 1594 2640 nobis
1633 2571 1844 2639 filium
1884 2573 2035 2640 Dei.
2093 2576 2157 2640 2.
2203 2573 2426 2659 Quam
2467 2596 2615 2639 cum

491 2701 615 2745 suo
652 2701 861 2745 versu
893 2686 959 2744 et
996 2677 1303 2746 oratione
1344 2678 1644 2769 propria,
1677 2702 1814 2747 una
1853 2702 2005 2746 cum
2044 2680 2225 2747 clero
2264 2679 2614 2765 univer80‚

489 2784 990 2876 gloriosissime
1030 2785 1423 2853 terminavit
1450 2787 1500 2853 4.

577 2937 896 3027 Explicit
959 2937 1261 3027 legenda
1321 2939 1634 3029 gloriosi
1684 2939 2115 3028 confessoris
2172 2939 2471 3006 Antonii
2531 2939 2618 3006 de

489 3045 776 3122 Padua,
836 3044 1118 3112 ordinis
1171 3048 1507 3112 Fratrum
1573 3046 1958 3123 Minorum‚
2023 3069 2182 3114 cum
2241 3045 2618 3113 miraculis

491 3151 831 3240 ejusdem.

552 3368 597 3416 1.
635 3364 718 3417 Cf.
751 3378 958 3431 supra:
991 3365 1120 3432 Leg.
1142 3367 1350 3433 prima,
1379 3370 1524 3432 part.
1555 3368 1627 3429 11,
1658 3371 1715 3418 17
1747 3368 1780 3418 a
1806 3372 1885 3418 27.

550 3449 598 3497 2.
637 3445 712 3496 Le
742 3447 954 3510 copiste
981 3460 1015 3496 a
1049 3448 1189 3497 omis
1230 3460 1430 3498 encore
1464 3447 1791 3513 d'indiquer,
1821 3462 1922 3514 par
1945 3463 2054 3499 une
2091 3449 2253 3499 lettre
2294 3461 2615 3513 correspon-

489 3525 675 3588 dante,
733 3526 766 3576 a
820 3527 947 3591 quel
1005 3527 1223 3578 endroit
1276 3526 1345 3578 de
1392 3529 1447 3579 la
1493 3528 1729 3592 legenda
1780 3529 1967 3594 prima
2010 3529 2197 3581 devait
2249 3543 2309 3580 se
2346 3529 2510 3580 relier
2552 3543 2614 3580 ce

489 3604 762 3669 fragment
795 3607 860 3666 Q.
908 3606 952 3657 ΙΙ
1002 3607 1173 3658 forme
1206 3621 1283 3657 un
1320 3608 1689 3674 complement
1731 3623 1802 3658 au
1847 3610 1981 3660 recit
2009 3609 2079 3660 de
2108 3610 2162 3659 la
2203 3611 2512 3660 ceremonie
2544 3608 2613 3661 de

488 3686 871 3737 canonisation
898 3685 970 3737 du
998 3689 1144 3738 saint
1172 3701 1280 3752 que
1310 3687 1491 3740 donne
1523 3688 1576 3740 le
1605 3689 1883 3754 chapitre:
1910 3689 1991 3740 De
2018 3690 2438 3740 canonizatione
2472 3690 2617 3741 beati

485 3765 717 3817 Antonii
744 3766 831 3829 (V.
864 3780 1066 3832 supra:
1103 3767 1233 3834 Leg.
1261 3768 1469 3834 prima,
1501 3773 1582 3831 29,
1614 3779 1671 3818 n·
1698 3771 1769 3833 9.)

546 3851 594 3896 3.
632 3845 714 3896 La
743 3847 949 3911 phrase
987 3862 1021 3897 a
1050 3861 1191 3913 pour
1223 3851 1367 3910 sujet
1397 3849 1663 3912 Gregoire
1681 3850 1775 3899 lx.

546 3930 594 3976 4.
631 3925 710 3978 Ce
746 3941 985 3992 passage
1018 3941 1078 3979 se
1117 3931 1391 3992 retrouve,
1423 3930 1551 3980 saut·
1582 3929 1851 4001 quelques
1894 3934 2052 3990 motS,
2084 3931 2224 3983 dans
2254 3931 2305 3984 le
2334 3932 2499 3983 Libet·
2522 3931 2616 3983 mi·

485 4006 802 4057 mentorum
825 4009 902 4071 (η’
929 4011 1029 4068 39).
