3109 4950
1012 1127 1264 1211 unte
1314 1100 1462 1212 nt's
1510 1112 1901 1214 κιτιεηεε

1321 1624 1588 1700 ΡΒΕΡΑῦΕ

386 1803 493 1853 Les
529 1802 938 1867 hagiographos
972 1804 1265 1854 antoniens
1293 1816 1401 1853 aux
1432 1802 1631 1855 siecles
1665 1808 1882 1869 passes.
1904 1832 1965 1842 —
1999 1805 2076 1856 Le
2107 1820 2332 1857 mouve-

343 1892 356 1914 ¹
452 1885 602 1933 ment
629 1882 697 1934 de
725 1884 960 1949 critique
985 1884 1165 1935 actual
1192 1922 2328 1938 .............

2373 1736 2523 1789 l‘ugcs

2491 1903 2522 1939 v

388 2057 649 2116 Sancti
673 2058 974 2118 Antonii
1002 2060 1325 2131 legenda
1345 2059 1597 2130 prima
1615 2072 1749 2120 seu
1767 2061 1936 2119 vita.
1959 2062 2517 2133 antiquissima.

1190 2272 1714 2320 INTRODUCTION

386 2413 573 2464 Motiis
615 2415 707 2479 qui
754 2427 893 2463 nous
922 2416 1019 2464 ont
1048 2412 1379 2464 determines
1407 2413 1439 2463 a
1471 2412 1683 2463 donner
1712 2428 1817 2463 une
1848 2413 2052 2464 edition
2098 2416 2336 2480 critique

450 2495 520 2546 de
552 2495 604 2545 la
631 2494 863 2560 legenda
897 2494 1101 2559 prima.
1132 2520 1195 2530 -
1226 2495 1467 2544 Examen
1510 2497 1808 2545 sommaire
1850 2494 1948 2545 des
1997 2496 2333 2560 principales

450 2576 737 2641 questions
780 2575 875 2639 qui
920 2587 980 2624 se
1027 2577 1351 2638 rapportent
1393 2576 1425 2624 a
1469 2577 1613 2625 cette
1658 2574 1906 2638 legende.
1946 2601 2008 2612 —
2055 2579 2102 2624 Α
2150 2577 2332 2639 quelle

451 2660 669 2720 epoque
698 2654 923 2705 a-t-elle
952 2656 1039 2704 ete
1069 2655 1479 2718 composee?—
1503 2655 1849 2720 Hypotheses
1879 2655 2140 2706 relatives
2171 2658 2202 2705 a
2233 2671 2334 2706 son

448 2740 663 2787 auteur.
692 2762 755 2771 —
786 2736 889 2786 Ses
914 2748 1141 2784 sources
1186 2734 1614 2785 d‘iniormation.
1646 2761 1708 2772 —
1737 2736 1840 2786 Ses
1883 2739 2195 2786 caracteres
2243 2739 2324 2785 in-

452 2818 765 2881 trinseques
818 2853 2325 2866 .................

890 3005 1350 3052 DESCRIPTION
1403 3007 1533 3051 DES
1583 3005 2023 3052 MANUSCRITS

388 3155 521 3205 Mss.
548 3158 640 3204 286
663 3159 717 3205 et
746 3158 838 3204 293
865 3154 934 3205 de
962 3155 1196 3205 l'ancien
1226 3155 1539 3204 monastero
1571 3154 1905 3205 d'Alcobaza
1944 3194 2327 3204 .....

386 3236 520 3285 Mss,
554 3237 899 3295 14363‚14365
920 3237 973 3284 et
993 3239 1117 3284 3809
1136 3248 1165 3278 Α
1189 3233 1258 3284 de
1285 3234 1337 3284 la
1359 3234 1739 3300 bibliotheque
1771 3235 2049 3285 nationale
2080 3236 2147 3285 de
2177 3236 2334 3285 Paris

388 3316 490 3365 Ms.
522 3314 596 3364 du
627 3317 863 3364 convent
890 3314 988 3365 des
1019 3315 1298 3379 Capucins
1324 3314 1393 3365 de
1426 3315 1673 3365 Lucerne
1757 3353 2326 3366 .......

387 3396 489 3445 Ms.
524 3398 580 3444 74
607 3394 675 3444 de
706 3394 760 3444 la
788 3394 1167 3459 bibliotheque
1198 3397 1531 3445 antonienne
1563 3395 1630 3445 de
1657 3396 1881 3447 Padoue
1942 3435 2326 3446 .....

386 3476 489 3525 llis.
521 3475 596 3524 du
628 3474 833 3525 Britisli
862 3475 1112 3525 Museum
1194 3513 2326 3526 .............

384 3556 488 3605 Ms.
520 3554 590 3605 de
621 3554 674 3604 la
705 3554 906 3606 saeuite
934 3554 1002 3605 de
1035 3555 1308 3618 theologie
1340 3559 1683 3620 protestante
1715 3556 1783 3606 de
1814 3557 1972 3605 Paris
2036 3597 2044 3605 .
2130 3596 2139 3605 .
2224 3596 2232 3605 .

384 3636 487 3685 Ms.
521 3634 592 3684 du
626 3634 901 3686 breviaire
927 3635 1255 3685 franciscain
1285 3636 1534 3686 d'Assise
1571 3675 2326 3687 .........

385 3716 488 3766 Ms.
519 3715 592 3765 du
624 3718 863 3765 convent
892 3714 1172 3766 d'Ancone
1201 3716 1473 3780 (disparu)
1483 3755 2327 3767 ..........

1028 3890 1211 3949 Vita.
1261 3890 1510 3949 sancti
1552 3890 1877 3951 Antonii.

418 4051 468 4098 1.
510 4047 715 4109 Incipit
744 4045 1005 4109 prologus
1038 4046 1089 4095 in
1128 4047 1295 4095 vitam
1328 4047 1503 4096 sancti
1534 4047 1759 4096 Antonii
1797 4047 2130 4097 confessoris
2173 4050 2228 4097 et
2268 4047 2335 4097 de

580 4125 861 4175 miraculis
890 4125 1155 4188 ejusdem,
1186 4139 1307 4191 quae
1336 4125 1649 4190 approbata
1679 4127 1898 4177 suerunt
1927 4140 2025 4190 per
2052 4126 2332 4176 dominum

579 4207 905 4266 Gregorium
938 4219 1141 4271 papam
1170 4206 1247 4256 IX
1277 4208 1334 4256 et
1357 4205 1669 4257 cardinales
1697 4207 1952 4257 Romanae
1983 4207 2226 4256 ecclesia·
2315 4247 2325 4256 .

416 4293 469 4338 2.
516 4287 597 4339 De
627 4287 853 4338 civitate
881 4287 935 4337 in
964 4300 1076 4351 qua
1105 4289 1268 4336 natus
1299 4286 1399 4337 suit
1430 4290 1655 4337 sanctus
1685 4286 1959 4338 Antonius
2034 4327 2044 4338 .
2128 4326 2138 4339 .
2220 4327 2230 4337 .
2314 4326 2325 4337 .
