3109 4950
723 462 784 508 S.
836 460 1126 508 Arm-ona
1175 460 1497 509 LEGENDA
1548 466 1583 503 «
1625 460 2048 508 sumemus
2093 466 2126 502 »
2354 441 2485 509 225

358 601 649 691 expletO,
724 600 794 668 in
867 625 942 668 se
1014 601 1195 668 illico
1279 600 1578 689 rediens,
1647 599 2200 692 praedicationem
2280 622 2485 690 quam

357 718 658 798 coeperat
695 707 824 775 suit
861 709 1143 798 egregie
1180 717 1589 799 prosecutus
1629 709 1672 776 ¹.

440 818 509 883 8.
563 816 949 906 Quumque,
993 815 1211 883 altera
1252 816 1429 902 vice,
1464 814 1742 882 humilis
1782 814 2045 884 Christi
2087 838 2357 895 servus,
2400 813 2490 885 de.

357 921 649 1013 quadam
703 922 1188 1013 praedicatione
1229 922 1527 1003 rediens,
1571 946 1693 1013 per
1741 922 1870 989 iter
1911 921 2301 990 solitudinis
2340 944 2490 989 am-

354 1028 642 1108 bularet,
676 1039 755 1096 ut
777 1028 1129 1097 redeuntis
1159 1028 1617 1098 multitudinis
1650 1028 2020 1097 declinaret
2050 1028 2480 1121 applausum,

353 1135 594 1202 mulier
645 1135 983 1225 quaedam,
1020 1145 1086 1203 et
1140 1134 1293 1226 ipsa
1330 1159 1454 1227 per
1491 1135 1964 1227 compendium
2007 1136 2366 1203 ambulans
2405 1157 2485 1202 ac

355 1253 667 1310 sanctum
709 1243 834 1310 Dei
871 1266 994 1334 per
1035 1242 1235 1310 devia
1265 1266 1552 1334 quaeque
1591 1242 1973 1333 requirens,
2002 1243 2213 1309 filium
2253 1265 2486 1319 suum,

353 1349 653 1417 brachiis
685 1360 754 1417 et
782 1350 1096 1418 cruribus
1127 1374 1168 1418 a
1200 1349 1560 1418 nativitate
1598 1359 2048 1429 contractum,
2077 1359 2317 1417 sancto
2350 1348 2483 1419 sibi

352 1456 553 1524 obvio
590 1457 879 1547 projecit
908 1456 996 1525 ad
1026 1456 1261 1547 pedes,
1287 1457 1663 1525 obsecrans
1694 1457 2066 1547 gemitibus
2095 1456 2482 1524 lacrimosis

351 1574 449 1641 ut,
484 1562 813 1631 desolata}
850 1564 1109 1631 matria
1140 1563 1563 1655 compatiens
1588 1563 1638 1642 ⁶,
1682 1564 1770 1631 ab
1798 1563 1950 1656 ipso
1991 1563 2212 1632 crucis
2244 1563 2483 1655 signa-

354 1670 503 1738 culo
542 1670 851 1738 benedici
909 1681 1310 1739 mercretur.
1369 1674 1436 1739 9.
1495 1671 1834 1762 Sperabat
1890 1670 2139 1762 quippe
2193 1671 2483 1738 firmiter

352 1777 606 1844 dictum
646 1778 1156 1868 puerum¹illico
1204 1778 1347 1845 sore
1388 1777 1795 1846 sanandum.
1845 1781 1950 1845 10.
1995 1778 2196 1865 Quod
2237 1801 2484 1845 servus

350 1883 641 1963 Christi,
685 1883 1019 1974 profunda
1064 1884 1396 1975 praeditus
1445 1883 1850 1964 humilitate,
1894 1908 2100 1976 quum
2140 1884 2482 1952 declinare

351 1990 684 2071 studeret,
731 1990 872 2071 illa,
923 1991 1240 2082 planctus
1294 2015 1732 2083 exaggerans
1786 2001 1853 2059 et
1900 2015 2139 2082 preces
2191 1991 2484 2083 ingemi-

348 2121 548 2184 nanS,
584 2098 878 2165 clamare
920 2099 1126 2188 coepit
1163 2098 1536 2166 instantius
1565 2122 1579 2165 :
1629 2098 1942 2184 Domine,
1970 2109 2167 2188 pater
2197 2098 2480 2185 Antoni,

349 2205 677 2273 miserere
714 2205 870 2272 mei.
909 2208 1016 2273 11.
1046 2205 1353 2274 Tandem
1394 2205 1546 2296 pius
1579 2216 1800 2297 pater,
1834 2205 2101 2274 afflictae
2142 2205 2384 2274 matris
2415 2215 2484 2273 et

349 2312 742 2403 languentis
780 2312 994 2403 prolis
1033 2312 1507 2403 compassione
1537 2323 1913 2404 permotus,
1951 2323 2273 2381 exorante
2310 2312 2480 2380 nihi·

350 2419 645 2487 lominus
686 2420 873 2488 socio
916 2420 1126 2488 fratre
1162 2423 1374 2507 Luca,
1405 2421 1555 2488 viro
1594 2419 1901 2489 bonitate
1943 2420 2230 2509 famoso,
2275 2420 2480 2513 signo

350 2526 574 2594 crucis
607 2526 815 2607 edito,
857 2550 1120 2617 aegrum
1159 2527 1230 2595 in
1269 2527 1531 2597 Christi
1569 2528 1824 2597 virtute
1856 2552 1935 2596 ac
1965 2528 2235 2597 nomine
2271 2528 2481 2596 bene-

348 2633 543 2702 dixit.
595 2637 700 2702 12.
728 2635 1044 2702 Mirabile
1075 2634 1261 2702 dictu
1293 2640 1304 2701 !
1357 2634 1543 2703 Illico
1582 2659 1750 2725 puer
1791 2635 2086 2703 surrexit
2130 2659 2341 2703 sanus
2381 2645 2472 2716 et,

347 2764 548 2830 quem
609 2751 830 2809 mater
881 2741 1104 2810 tristis
1153 2741 1494 2809 infirmum
1544 2751 1968 2833 portaverat,
2017 2743 2476 2811 ambulantem

345 2848 603 2916 virtute
661 2847 902 2939 propia
958 2847 1231 2916 domum
1282 2849 1638 2916 laetissima
1699 2849 2119 2939 reportabat.
2185 2853 2290 2918 13.
2350 2849 2480 2919 Vir

350 2978 618 3045 quoque
652 2966 960 3035 sanctus,
995 2979 1128 3022 non
1161 2954 1286 3022 hoc
1319 2956 1465 3022 suis
1495 2955 1786 3036 meritiS,
1823 2956 1957 3024 imo
1987 2956 2143 3024 fidei
2174 2955 2477 3024 mulieris

349 3061 769 3146 adseri-[147
811 3085 850 3129 a
900 3062 1166 3143 2]benS,
1211 3062 1487 3152 rogavit
1525 3085 1675 3129 eam
1705 3062 1911 3153 quod,
1947 3086 2153 3153 quum
2183 3063 2474 3151 viveret,

346 3168 512 3235 nulli
544 3192 689 3236 rem
726 3169 1121 3260 propalaret
1141 3189 1191 3236 2.

398 3402 440 3435 a„
465 3390 610 3434 Texte
630 3394 808 3435 maire.
829 3414 881 3425 —
908 3391 951 3435 b.
974 3391 1045 3435 Ici
1070 3403 1234 3436 encore
1258 3392 1303 3435 la
1326 3392 1630 3436 construction
1657 3392 1714 3436 de
1739 3392 1782 3436 la
1807 3392 1970 3448 phrase
1993 3393 2066 3437 est
2088 3392 2351 3437 incorrecte.

410 3591 455 3636 1.
494 3586 602 3638 Les
643 3587 930 3639 additions
960 3585 1033 3638 du
1072 3587 1173 3638 Ms.
1219 3586 1288 3638 de
1319 3586 1567 3638 Lucerne
1592 3588 1625 3637 a
1658 3588 1714 3638 la
1743 3589 1976 3654 legenda
2011 3590 2194 3655 prima
2234 3587 2480 3639 donnent

347 3668 499 3717 aussi
539 3681 601 3718 ce
644 3669 791 3719 lrait.
826 3669 918 3731 (V.
957 3681 1161 3732 supra:
1205 3667 1350 3718 Add.
1390 3669 1460 3726 11,
1490 3677 1566 3717 n··
1601 3669 1722 3733 143.)
1766 3669 1912 3721 Leur
1939 3672 2086 3720 texte
2118 3670 2338 3734 jusqu’a
2364 3668 2478 3736 Quo

344 3761 414 3796 ea:
437 3748 540 3797 hoc
569 3748 800 3799 nimium
829 3748 1045 3799 dolente
1070 3751 1156 3799 est
1180 3747 1462 3812 identique
1479 3762 1553 3798 au
1582 3752 1737 3800 notre
1759 3763 1772 3811 ;
1801 3750 1851 3800 le
1882 3752 2026 3801 reste
2050 3749 2186 3800 oll're
2211 3749 2479 3814 quelques

346 3828 657 3878 inversione
695 3831 753 3879 et
786 3829 1053 3893 quelques
1082 3829 1385 3879 variantes.
1418 3828 1495 3878 Le
1521 3827 1687 3880 Liber
1729 3831 2125 3881 miraculorum
2151 3830 2231 3894 (η’
2257 3831 2306 3893 8)
2335 3842 2480 3880 com-

345 3921 538 3959 mence
567 3909 619 3959 le
654 3911 789 3959 recit
818 3908 889 3960 de
923 3922 986 3959 ce
1017 3909 1241 3960 miracle
1271 3921 1374 3973 par
1408 3922 1499 3959 ces
1532 3913 1706 3960 mols:
1736 3910 1929 3962 Simile
1957 3910 2068 3962 sibi
2096 3909 2396 3976 contigisse
2422 3910 2481 3961 in

343 3987 826 4053 Monlepessulano
867 3990 1073 4055 legitur·
1105 3989 1162 4040 in
1203 3988 1444 4053 quadam
1479 3988 1597 4052 esus
1644 3989 1830 4040 sancti
1873 3990 2108 4056 legenda
2144 3991 2244 4041 hoc
2288 3989 2447 4040 modo
2463 4004 2483 4046 ,·

344 4071 472 4132 puis
512 4069 550 4119 il
580 4069 869 4133 reprodult
899 4072 1012 4120 mot
1040 4070 1074 4119 a
1104 4071 1220 4120 mot
1248 4069 1303 4119 la
1332 4069 1603 4133 premiere
1633 4072 1811 4134 partie
1836 4069 1906 4121 de
1944 4072 2100 4121 notre
2132 4072 2295 4121 texte.
2327 4071 2373 4120 Il
2411 4083 2481 4120 en

345 4150 500 4214 copie
526 4150 681 4200 aussi
707 4150 762 4199 la
786 4149 879 4211 ssn,
909 4150 1048 4199 mais
1073 4162 1209 4200 avec
1234 4150 1501 4214 quelques
1526 4151 1826 4201 varlanleS.
1859 4150 2060 4200 Paulin
2087 4150 2155 4202 de
2181 4150 2480 4201 Pouzzoles

344 4242 376 4277 a
405 4228 473 4280 de
502 4243 565 4279 ce
595 4229 697 4280 salt
723 4243 797 4280 un
827 4231 961 4280 reclt
982 4244 1054 4280 un
1082 4242 1188 4294 peu
1213 4231 1340 4294 plus
1369 4233 1543 4280 court.
1577 4230 1623 4281 Il
1654 4231 1765 4280 met
1788 4229 1840 4280 le
1866 4230 2092 4281 miracle
2119 4231 2153 4280 a
2176 4231 2475 4281 Toulouse.

403 4313 450 4359 2.
490 4309 565 4360 Le
597 4309 762 4360 Liber
789 4311 1181 4361 miraculorum
1213 4310 1290 4374 (η’
1315 4311 1395 4374 29)
1428 4309 1714 4374 reproduit
1743 4310 2139 4361 litteralement
2167 4311 2217 4361 le
2240 4313 2386 4361 texte
2410 4310 2479 4360 de

2375 4425 2427 4469 15
