3109 4950
609 732 638 858 &ab

609 976 640 1259 Φωκιΰέ

582 1375 664 1421 10.

582 1455 663 1501 11.

581 1534 663 1580 12.

582 1614 663 1661 13.

584 1694 664 1741 14.

1248 433 1464 478 'mats
1517 432 1646 478 uss
1694 413 2041 478 munitm-:s

651 684 661 695 .
705 645 995 707 Quomodo
1025 645 1254 696 intravit
1280 643 1527 695 ordinem
1561 644 1738 695 sancti
1769 644 2066 707 Augustini
2132 681 2514 695 .....

651 766 662 777 .
706 727 958 787 Qualiter
988 724 1191 776 ibidem
1220 726 1455 789 profecit
1484 726 1538 774 in
1567 724 1812 775 moribus
1841 729 1896 775 et
1927 725 2158 774 scientia
2225 763 2237 774 .
2320 763 2330 774 .
2413 762 2423 773 .
2506 765 2515 774 .

650 845 662 858 .
706 807 996 868 Quomodo
1027 806 1274 856 ordinem
1314 806 1565 856 Fratrum
1607 805 1876 855 Minorum
1920 806 2144 855 intravit
2184 805 2380 855 beatus
2411 807 2527 855 An-

766 888 950 938 tonius
978 891 1033 937 et
1062 886 1130 936 de
1158 887 1459 937 mutatione
1490 887 1728 936 nominis
1758 887 1876 945 ejus
1946 922 2518 936 .......

651 1005 663 1018 .
705 967 995 1028 Quomodo
1022 968 1119 1017 ivit
1145 966 1514 1017 Marocchium
1541 969 1598 1017 et
1623 966 1692 1017 de
1718 965 1894 1016 reditu
1927 969 2044 1027 ejus
2133 1003 2518 1016 .....

650 1086 662 1099 .
705 1046 994 1109 Quomodo
1023 1047 1174 1097 venit
1206 1046 1588 1097 Romaniolam
1621 1051 1676 1097 et
1705 1046 1944 1110 qualiter
1971 1046 2172 1097 ibidem
2206 1047 2340 1097 vixit
2414 1085 2424 1096 .
2508 1084 2518 1095 .

651 1168 662 1179 .
705 1128 959 1189 Qualiter
987 1128 1217 1178 scientia
1248 1126 1394 1176 illius
1426 1128 1691 1179 fratribus
1718 1128 1955 1178 innotuit
2042 1165 2517 1176 ......

649 1247 661 1260 .
704 1211 782 1260 De
812 1208 1201 1273 praedicatione
1227 1211 1345 1269 ejus
1367 1221 1466 1272 per
1488 1208 1871 1259 Romaniolam
1894 1212 1950 1259 et
1972 1210 2332 1261 conversione
2356 1209 2526 1260 luere-

768 1291 997 1341 ticorum
1011 1325 2517 1340 .................

708 1371 787 1420 De
818 1370 965 1420 sama
991 1372 1111 1430 ejus
1141 1372 1196 1420 ot
1223 1369 1468 1419 eillcacia
1501 1368 1910 1434 praedicationis
1940 1371 2060 1431 eius
2134 1408 2520 1420 .....

705 1449 996 1510 Quomodo
1028 1450 1274 1500 Paduam
1301 1450 1453 1499 venit
1481 1451 1538 1501 et
1563 1449 1803 1513 qualiter
1834 1449 2034 1499 ibidem
2063 1450 2386 1514 pra-dicavit
2415 1487 2424 1499 .
2509 1490 2519 1500 .

707 1531 786 1580 De
812 1530 1195 1595 persecutione
1223 1529 1429 1581 diaboli
1456 1531 1512 1579 et
1539 1529 1609 1580 de
1639 1530 1904 1581 miraculo
1936 1530 2073 1580 lucis
2102 1544 2268 1596 quam
2297 1531 2434 1581 vidit
2507 1570 2518 1580 .

707 1611 787 1661 De
814 1609 1106 1661 devotione
1136 1611 1325 1675 populi
1359 1609 1610 1660 Paduani
1641 1613 1697 1660 et
1727 1610 1902 1660 fructu
1937 1611 2342 1674 praedicationis
2377 1613 2519 1672 eJ'us.

708 1690 998 1750 Quomodo
1026 1693 1255 1741 mortem
1287 1703 1444 1740 suam
1479 1690 1731 1754 praedixit
1760 1727 2520 1741 .........

583 1776 664 1822 15.
707 1772 787 1822 De
813 1771 951 1822 cella
982 1786 1146 1836 quam
1176 1784 1342 1835 super
1368 1784 1562 1822 nucem
1595 1772 1838 1821 construi
1873 1771 2000 1822 lesit
2041 1809 2518 1822 ......

1196 1954 1469 2025 Incipit
1509 1967 1698 2025 pars
1742 1956 2096 2014 secunda..

584 2115 665 2162 16.
714 2111 1032 2176 [Prologue]
1109 2148 2519 2162 ................

585 2196 665 2242 17.
710 2193 789 2243 De
820 2192 1058 2242 transitu
1087 2192 1233 2242 beati
1268 2192 1489 2243 Antonii
1576 2229 2519 2243 ...........

584 2275 666 2323 18.
712 2273 789 2322 Dc
819 2272 1060 2323 clamore
1090 2285 1384 2337 puerorum
1416 2275 1472 2322 et
1500 2271 1692 2336 populi
1721 2285 1990 2323 concursu
2021 2274 2076 2323 et
2106 2273 2330 2336 planctu
2414 2311 2424 2322 .
2507 2312 2518 2323 .

584 2356 666 2402 19.
710 2353 790 2403 De
809 2352 1035 2417 planctu
1058 2353 1412 2402 Dominarum
1435 2354 1491 2402 et
1510 2350 1787 2417 quomodo
1809 2351 2202 2403 laboraverunt
2224 2353 2292 2403 ad
2317 2353 2526 2403 haben-

769 2431 899 2483 dum
929 2445 1130 2499 corpus
1159 2433 1280 2498 ejus
1292 2469 2516 2485 ..............

584 2519 667 2565 20.
710 2514 964 2574 Qualiter
992 2514 1142 2564 cives
1180 2512 1397 2579 Capitis
1436 2513 1629 2564 Pontis
1671 2514 1991 2564 restiterunt
2031 2513 2294 2565 fratribus
2324 2528 2527 2580 corpus

770 2595 888 2654 eius
916 2592 987 2643 ad
1018 2594 1194 2644 locum
1227 2607 1386 2644 suum
1417 2595 1641 2657 portare
1672 2592 2095 2659 disponentibus
2132 2631 2518 2645 .....

584 2678 666 2724 21.
710 2675 790 2724 De
814 2673 1107 2725 devotione
1136 2675 1323 2739 populi
1350 2677 1405 2724 et
1436 2674 1702 2724 miraculo
1733 2673 1945 2723 coelitus
1973 2673 2240 2724 exhibito,
2323 2714 2333 2724 .
2414 2713 2426 2725 .
2507 2712 2519 2724 .

583 2760 666 2804 22.
711 2755 791 2804 De
820 2752 1136 2805 turbatione
1163 2754 1349 2819 populi
1380 2757 1435 2805 et
1459 2754 1702 2805 adventu
1734 2754 1966 2803 ministri
2043 2792 2519 2805 ......

584 2839 666 2884 23.
710 2835 790 2884 De
815 2836 1089 2885 sententia
1114 2848 1215 2898 pro
1246 2834 1509 2884 fratribus
1534 2834 1668 2884 data
1692 2836 1746 2884 et
1774 2835 1960 2898 pontis
1990 2834 2363 2886 confractione
2415 2872 2424 2883 .
2508 2873 2518 2884 .

584 2919 666 2964 24.
711 2915 791 2964 De
820 2915 1049 2979 planctu
1077 2914 1305 2965 fratrum
1335 2918 1390 2966 et
1415 2915 1885 2980 transportatione
1914 2916 2091 2965 sancti
2124 2916 2351 2966 Antonii
2414 2954 2426 2965 .
2507 2953 2517 2964 .

582 2999 667 3045 25.
711 2995 791 3045 De
821 2995 1101 3045 miraculis
1130 2994 1183 3044 in
1215 2994 1457 3058 generali
1486 2994 1681 3045 eadem
1713 2994 1801 3045 die
1830 2992 2089 3045 exhibitis
2133 3032 2516 3046 .....

583 3081 666 3127 26.
710 3075 790 3125 De
819 3073 1268 3140 processionibus
1297 3077 1353 3125 et
1382 3074 1676 3126 devotione
1706 3075 1896 3140 populi
1949 3112 2519 3126 .......

584 3160 667 3207 27.
710 3156 790 3207 De
818 3156 1076 3207 missione
1106 3155 1417 3206 nuntiorum
1444 3154 1514 3206 ad
1541 3156 1750 3206 curiam
1778 3169 1878 3221 pro
1904 3156 2081 3206 sancti
2107 3157 2333 3206 Antonii
2360 3171 2529 3207 cano-

772 3237 1046 3288 nizatione
1107 3273 2519 3288 ................

584 3322 667 3367 28.
712 3318 791 3367 De
816 3317 1025 3368 visione
1050 3316 1263 3368 coelitus
1292 3316 1537 3367 exhibita
1577 3354 2053 3366 ......
2065 3319 2080 3334 ‘
2134 3355 2519 3368 .....

583 3402 667 3448 29.
710 3398 791 3449 De
821 3397 1237 3448 canonizatione
1265 3396 1414 3448 beati
1446 3399 1671 3449 Antonii
1763 3434 2519 3449 .........

943 3571 1316 3643 Incipiunt
1357 3572 1735 3632 miracula
1774 3573 1982 3634 beati
2025 3572 2352 3634 Antonii.

585 3726 667 3772 3ο.
714 3719 1030 3785 [Prologus]
1110 3757 2519 3772 ................

585 3804 669 3852 31.
711 3801 791 3851 De
820 3800 1121 3851 contractis
1203 3838 2520 3853 ...............

586 3885 669 3932 32.
714 3881 792 3932 De
818 3880 1136 3945 paralyticis
1201 3919 2519 3933 ...............

587 3967 669 4012 33.
714 3961 793 4012 De
822 3963 979 4012 caecis
1013 3999 2519 4014 .................

586 4046 669 4092 34.
713 4041 793 4092 De
818 4041 1001 4092 surdis
1012 4080 2520 4094 .................

588 4127 670 4172 35.
714 4122 794 4172 De
820 4124 988 4171 mutis
1016 4159 2519 4173 .................

587 4207 670 4254 36.
713 4202 794 4253 De
823 4202 1133 4268 epilepticis
1205 4241 2520 4254 ...............

589 4287 671 4335 37.
716 4282 796 4336 De
824 4282 1074 4350 gibbosis
1112 4321 2520 4338 ................
