3109 4950
633 454 758 523 132
1176 475 1234 521 s,
1288 474 1578 521 AN‘roun
1626 474 1948 521 Leonum
1996 474 2213 520 Palm

1403 864 1760 924 Additlon
1802 867 1873 923 11
1917 861 1955 922 ¹.

723 1160 782 1223 1.
839 1159 914 1224 In
972 1155 1302 1224 civitatee
1366 1154 1784 1246 Monopoli2‚
1852 1154 2107 1246 prope⁶
2167 1155 2388 1222 locum
2443 1155 2757 1240 fratrum,

621 1263 875 1354 juvene
915 1262 1208 1354 quodam
1240 1273 1490 1330 terram
1522 1261 1820 1330 fodiente
1859 1262 1929 1328 in
1978 1260 2335 1351 prosundO,
2380 1260 2571 1329 venit
2613 1262 2764 1352 ripa

632 1394 837 1461 super
892 1393 1046 1437 eum
1098 1380 1212 1436 etc
1261 1368 1560 1437 letaliter
1610 1378 1718 1436 est
1763 1392 2162 1458 oppressus.
2218 1372 2284 1436 2.
2331 1371 2762 1458 Exspectans

630 1487 856 1545 autem
895 1487 1115 1544 mater
1142 1476 1353 1543 filium
1389 1487 1467 1544 ut
1509 1475 1787 1555 rediret,
1839 1500 2045 1567 quum
2078 1477 2220 1566 jam
2260 1475 2426 1542 hora
2466 1475 2764 1542 transis-

632 1594 739 1651 set
767 1607 901 1674 qua
939 1582 1175 1651 venire
1214 1582 1517 1670 deberet,
1553 1582 1764 1651 exivit
1794 1593 1868 1649 ut
1906 1592 2243 1673 quaereret
2273 1604 2472 1673 quem
2503 1581 2763 1649 diutius

632 1698 1176 1780 exspectaverat.
1221 1693 1286 1759 3.
1343 1690 1609 1758 Videns
1658 1713 1824 1757 vero
1871 1713 2156 1779 puerum
2196 1687 2557 1779 quemdam
2597 1689 2764 1779 ripae

632 1796 973 1865 adsistere
1003 1797 1121 1864 uhi
1151 1806 1403 1864 terram
1434 1796 1698 1863 foderat
1725 1805 1927 1863 natus
1954 1797 2128 1885 ejuS‚
2162 1794 2484 1886 quidnam
2513 1796 2765 1862 sactum

630 1913 818 1971 esset
855 1903 939 1971 de
977 1904 1130 1994 ipso
1171 1902 1460 1971 sollicite
1500 1902 1862 1993 requisivit
1881 1902 1939 1970 (Ι.
1985 1902 2119 1989 Qui
2160 1901 2586 1991 respondens
2616 1902 2760 1970 ait:

635 2010 759 2078 Hic
791 2011 978 2100 jacet
1016 2010 1146 2078 sub
1183 2021 1394 2089 terra,
1439 2033 1591 2101 quae
1636 2008 1878 2077 cecidit
1931 2033 2137 2099 super
2193 2034 2370 2076 eum.
2422 2012 2489 2076 4.
2551 2012 2766 2076 Porro

630 2128 873 2202 mater,
936 2116 1080 2184 haec
1131 2115 1445 2196 audiens,
1503 2116 1709 2206 coepit
1764 2116 2003 2183 faciem
2053 2115 2299 2207 palmis
2348 2115 2659 2183 caedere‘·
2698 2128 2767 2184 et

632 2223 917 2315 capillos
947 2223 1231 2303 laniare,
1262 2247 1680 2314 currensque
1711 2223 1798 2290 ad
1829 2223 2050 2290 locum
2075 2223 2387 2304 fratrum,
2425 2223 2766 2292 clamabat

631 2331 928 2399 dicenss
987 2354 1003 2398 z
1073 2331 1456 2410 Accurrite,
1535 2332 1809 2412 fratres,
1880 2330 2215 2399 accurrite
2231 2345 2295 2417 8,
2355 2331 2514 2422 quia
2578 2341 2765 2398 terra

632 2438 980 2529 oppressit
1007 2438 1217 2507 filium
1259 2444 1521 2506 meum!

722 2549 786 2614 5.
846 2548 998 2635 Quo
1054 2546 1313 2627 audite,
1358 2556 1770 2614 concurrunt
1815 2546 2066 2614 fratres
2134 2570 2284 2614 cum
2347 2546 2637 2637 sappis⁶
2696 2555 2766 2614 et

633 2652 787 2720 aliis
817 2652 1294 2722 instrumentis
1326 2653 1690 2744 fodereque
1730 2654 2120 2744 coeperunt‘
2145 2653 2260 2721 ubi
2293 2664 2547 2722 terram
2579 2653 2763 2721 vide·

632 2771 789 2827 rant
840 2759 1195 2841 cecidisse,
1280 2770 1498 2828 matre
1552 2760 1874 2829 continuo
1926 2761 2390 2852 proclamante
2438 2784 2453 2828 ε
2513 2762 2765 2829 Sancte

632 2866 915 2949 Antoni,
958 2867 1164 2935 redde
1213 2868 1377 2936 mihi
1427 2868 1640 2936 filium
1689 2874 1952 2937 meum!
1996 2872 2061 2937 6.
2110 2868 2477 2936 Fodientes
2517 2867 2758 2957 igitur,

629 2974 1042 3042 invenerunt
1079 2974 1299 3065 primo
1338 2975 1549 3065 pedes
1595 2976 1872 3066 juvenis
1911 3000 2052 3065 prae
2093 2987 2291 3043 terrae
2332 2975 2709 3067 gravedine
2739 2975 2766 3031 θ’

633 3080 1073 3163 livescenteS,
1116 3081 1360 3150 deinde
1383 3082 1413 3126 Ι(
1442 3092 1641 3150 nates
1672 3094 1856 3151 terra
1891 3094 2242 3151 contusas,
2281 3082 2418 3150 Alii
2449 3106 2639 3165 vero,
2671 3082 2767 3150 fo·

685 3281 729 3313 a.
759 3268 851 3313 Ms.
873 3269 1121 3324 d'Ancone,
1143 3269 1221 3326 qui
1250 3270 1514 3315 renfermait
1532 3272 1575 3315 le
1601 3273 1719 3315 texte
1743 3272 1799 3315 de
1832 3273 1949 3316 cette
1973 3271 2172 3315 addition
2197 3275 2245 3314 et
2266 3271 2418 3328 qu'ont
2441 3270 2674 3326 roproduit
2697 3271 2768 3314 les

590 3370 600 3379 .
632 3339 961 3394 Bollandistes,
982 3341 1037 3385 in
1075 3342 1277 3397 Apulia·
1307 3342 1525 3387 civitate.
1547 3365 1602 3375 —
1639 3343 1683 3387 b.
1708 3344 1824 3386 Ano.
1841 3342 2004 3397 juxta.
2026 3365 2080 3375 —
2111 3355 2155 3388 c.
2176 3344 2293 3387 Anc.
2319 3341 2528 3397 juvenis
2552 3342 2764 3396 quidam

633 3414 821 3456 terram
855 3411 1071 3468 fodiens,
1098 3413 1209 3471 ripa
1242 3415 1459 3471 desuper
1482 3414 1722 3459 irruente.
1742 3437 1795 3447 —
1819 3415 1869 3458 d.
1891 3416 2008 3459 Ano.
2032 3415 2192 3468 Quem
2218 3425 2378 3468 quum
2399 3425 2530 3470 puer
2551 3414 2764 3468 quidam

632 3485 765 3526 terra
797 3483 943 3529 obrui
966 3485 1319 3541 conspexisset,
1347 3497 1557 3530 currens
1591 3490 1637 3531 et
1670 3486 1866 3540 ejulans
1899 3485 2152 3530 nuntiavit
2187 3485 2342 3529 matri
2364 3497 2482 3529 suoe.
2504 3507 2557 3517 —
2576 3497 2619 3529 e.
2645 3486 2766 3530 Anc-

626 3554 817 3610 palmis
838 3555 1024 3611 faciem
1047 3568 1195 3601 suam
1221 3558 1423 3601 caedere.
1444 3580 1497 3590 —
1516 3557 1555 3613 s.
1581 3559 1697 3601 Anc.
1722 3568 2094 3611 accurrensque
2113 3568 2230 3601 cum
2253 3556 2478 3601 lacrimis
2504 3557 2569 3600 ad
2595 3556 2766 3602 locum

629 3625 872 3681 fratrum,
884 3639 1003 3672 voce
1018 3627 1295 3673 miserabili
1310 3628 1665 3685 proclamavit.
1678 3650 1731 3662 —
1745 3641 1791 3683 9.
1810 3630 1926 3672 Anc.
1943 3629 2180 3683 adjuvate
2199 3639 2295 3672 me.
2311 3651 2364 3661 —
2380 3628 2426 3672 h.
2445 3629 2562 3672 Ano.
2581 3639 2769 3673 accur-

630 3701 794 3741 rentes
831 3698 1016 3754 [ratres
1059 3711 1179 3744 curn
1222 3700 1489 3754 liqonibus.
1528 3723 1582 3732 —
1620 3699 1653 3743 i.
1679 3701 1798 3743 Aue.
1825 3702 2081 3756 coeperunt
2119 3699 2308 3755 [odere.
2331 3698 2440 3755 —JZ
2467 3700 2588 3743 Aac.
2609 3700 2769 3756 pedes

628 3770 738 3823 ejus
770 3782 877 3825 prae
910 3774 1053 3815 terrae
1078 3773 1319 3827 pondere.
1342 3795 1395 3805 —
1423 3771 1469 3815 h.
1491 3773 1609 3815 Anc.
1638 3770 1753 3815 inde
1777 3782 1911 3816 vero.

692 3925 737 3972 1.
776 3924 935 3974 Cette
966 3924 1203 3976 seconde
1238 3924 1506 3988 addition,
1537 3925 1677 3975 dans
1707 3925 1757 3976 le
1788 3925 1888 3974 Ms.
1925 3924 2060 3975 Pad.
2089 3928 2166 3986 74,
2196 3927 2281 3975 est
2306 3925 2518 3990 placee,
2549 3938 2685 3975 sous
2715 3925 2771 3977 le

630 4003 756 4052 titre
786 4002 865 4054 De
897 4004 1150 4056 liberalis
1175 4020 1209 4055 α
1234 4007 1483 4071 periculo
1526 4006 1740 4067 martie,
1782 4008 1952 4056 avant
1981 4005 2244 4069 l'episode
2275 4004 2655 4067 d'Aieardino,
2685 4006 2772 4057 De

626 4082 772 4132 rilro
815 4089 1156 4135 conservato.
1196 4112 1260 4122 —
1303 4085 1378 4136 Le
1426 4087 1528 4136 ΜΒ.
1557 4085 1858 4145 d'Ancone,
1889 4086 2153 4152 (Append.
2179 4086 2246 4137 de
2278 4086 2470 4135 mirac.
2502 4099 2595 4150 ap.
2626 4088 2770 4137 Acta

625 4162 746 4223 SS.)
792 4178 825 4213 a
868 4164 1021 4214 aussi
1059 4178 1120 4215 ce
1164 4167 1317 4228 rccit,
1350 4180 1457 4230 que
1493 4165 1693 4228 donne,
1726 4180 1829 4231 par
1862 4167 2105 4227 ailleurS,
2135 4165 2185 4216 le
2225 4166 2499 4232 [Halogus
2533 4166 2602 4215 de
2631 4167 2772 4218 vilis

628 4247 942 4294 sanctorum
969 4245 1232 4309 fratrum,
1265 4245 1352 4296 ed.
1384 4247 1695 4308 Lemnien3‚
1721 4260 1775 4311 p.
1807 4250 1884 4297 2¹.

690 4326 735 4371 2.
770 4322 904 4372 Pres
930 4323 999 4374 de
1030 4325 1177 4375 Bari.
