3109 4950
911 413 969 459 s,
1024 413 1312 460 Amonn
1360 413 1684 461 mosum
1732 413 1976 474 Palm,
2043 393 2130 461 26
2489 393 2575 461 73

444 553 720 623 fletibus
794 552 1180 622 devotionis
1248 553 1616 622 miscentes
1682 553 1946 622 cantica
2019 552 2577 622 reaediflcantium

444 661 787 752 quondam
812 661 1101 729 filiorum
1129 661 1766 752 transmigrationis
1795 660 2121 752 templum
2145 660 2342 741 Dei‘2,
2367 660 2576 728 mixta

437 768 657 859 jubilo
708 768 1298 860 repraesentabant
1353 768 1678 859 suspiria.
1743 767 1842 836 Ibi
1895 766 2196 859 lugens⁶
2255 767 2577 836 cantabat

445 876 783 943 canticum
824 886 891 943 et
930 875 1173 943 mediis
1214 875 1488 944 fletibus
1541 874 1944 966 erumpebat
1979 874 2048 942 in
2092 874 2407 965 jubilum.
2467 878 2570 943 11.

447 983 586 1061 Sic,
629 983 729 1050 sic
769 982 1084 1050 nimirum
1135 982 1469 1051 ordinatis
1492 996 1544 1063 ⁶,
1605 981 1769 1073 quid
1822 981 2098 1049 dicam?
2151 980 2576 1049 laudantium

445 1100 566 1157 aut
583 1089 619 1132 ά
652 1089 955 1157 flentium
983 1089 1218 1157 cuneis
1239 1103 1265 1132 ⁶
1290 1113 1368 1157 ac
1393 1088 1685 1180 pedibus
1708 1088 2147 1157 discalceatis
2177 1088 2573 1156 incedentes

444 1196 609 1264 talis
647 1206 990 1287 tantaeque
1022 1194 1515 1288 magnitudinis
1554 1219 1793 1264 cereus
1831 1194 2261 1286 praecedebat
2297 1205 2374 1263 ut
2414 1218 2572 1274 non,

446 1304 582 1371 nisi
604 1303 1007 1371 detruncata
1026 1327 1277 1395 magna
1306 1303 1526 1395 ipsius
1546 1315 1742 1395 parte
1754 1303 1816 1386 f,
1839 1303 2020 1371 intra
2040 1312 2292 1370 tectum
2319 1313 2576 1370 sanctae

448 1410 576 1477 Dei
606 1409 964 1502 genitricis
1004 1410 1309 1478 ecclesiae
1339 1410 1514 1502 erigi
1543 1409 1831 1479 valeret.

540 1520 646 1585 12.
678 1520 816 1585 Nec
843 1516 1061 1585 solum
1087 1517 1246 1608 ipsi,
1276 1517 1398 1586 sed
1424 1517 1630 1585 etiam
1652 1516 1973 1609 quaslibet
1991 1527 2216 1585 turma
2235 1530 2273 1575 ὅ
2299 1516 2573 1596 civium,

447 1634 712 1692 statuto
750 1623 859 1691 die
888 1624 1329 1705 venientium,
1362 1634 1573 1692 tantae
1593 1622 2049 1716 longitudinis
2080 1647 2315 1692 cereos
2345 1633 2579 1714 porta-

444 1731 615 1798 bant
667 1740 746 1798 ut
803 1730 1162 1821 pleriqne'¹
1217 1754 1352 1799 non
1405 1730 1539 1799 nisi
1597 1730 1794 1798 fracti
1844 1730 2188 1798 ullatenus
2241 1727 2577 1798 introduci

444 1847 755 1928 possent.
808 1841 912 1906 13.
964 1838 1425 1905 portabantur
1462 1847 1691 1906 autern
1720 1837 1791 1904 in
1829 1837 2130 1905 humeris
2185 1836 2530 1904 hominum
2562 1837 2582 1879 a·

445 1945 652 2023 cerei,
686 1968 766 2012 eo
805 1944 987 2035 quod
1028 1944 1114 2012 ad
1143 1945 1349 2012 unius
1379 1944 1892 2013 subvectionem
1923 1944 2039 2011 vix
2069 1942 2413 2012 sexdecim
2444 1943 2577 2011 suf·

444 2052 731 2119 ficerent
761 2051 1063 2132 curvati3
1105 2051 1240 2133 vel,
1276 2051 1335 2120 si
1365 2052 1435 2119 in
1466 2052 1782 2121 curribus
1812 2051 2325 2143 deportationes
2356 2075 2577 2119 cereo·

445 2181 596 2226 rum
639 2157 904 2239 fierent,
947 2158 1080 2227 duo
1131 2160 1323 2250 paria
1383 2158 1614 2240 boum,
1648 2159 1907 2249 junctis
1956 2158 2365 2245 cervicibus,
2408 2157 2580 2226 eolla

446 2263 971 2333 submittebant.
1034 2267 1137 2333 14.
1190 2263 1411 2333 Erant
1449 2288 1743 2358 namque
1788 2265 1965 2333 cerei
2004 2289 2304 2357 procerae
2346 2264 2581 2355 dispo-

446 2371 724 2440 sitionis
754 2370 803 2452 j,
849 2395 885 2439 e
924 2372 1197 2462 quibus,
1258 2372 1328 2440 in
1381 2372 1654 2441 modum
1711 2371 2104 2441 candelabri
2130 2373 2184 2459 k,
2233 2371 2580 2463 protensis

446 2480 861 2549 altrinsecus
901 2479 1225 2560 brachiis,
1270 2480 1611 2572 sperulae¹
1656 2481 1859 2548 simul
1898 2504 1977 2549 ac
2028 2480 2193 2567 lilia,
2244 2480 2463 2547 vineae
2501 2503 2582 2547 ac

445 2588 730 2655 diversa
781 2587 1023 2654 florum
1077 2590 1400 2677 general,
1456 2611 1663 2655 manu
1716 2587 2000 2655 artificis
2061 2587 2426 2678 diligenter
2464 2610 2584 2653 ex-

443 2717 716 2784 pressa,
760 2692 1225 2782 procedebant
1250 2708 1321 2762 ¹⁸.
1362 2698 1467 2763 15.
1504 2693 1801 2781 Quidam
1829 2717 1995 2761 vero
2022 2707 2054 2736 ¹²
2096 2692 2582 2762 ecclesiasticae

446 2810 813 2868 structurae
852 2814 880 2841 ⁰
947 2799 1277 2867 fabricam
1332 2800 1445 2867 vel
1512 2810 1694 2868 certe
1757 2799 2134 2869 terribilem
2199 2811 2582 2868 castrorum

444 2907 662 2975 aciem
714 2905 1196 2999 praeferebant.
1260 2910 1364 2976 16.
1420 2906 1877 2974 Nihilominus
1929 2906 2246 2998 denique,
2290 2915 2359 2974 et
2409 2907 2583 2998 qui!²

443 3025 589 3082 tam
660 3014 831 3082 miro
889 3037 1240 3082 cereorum
1305 3013 1490 3082 cultu
1554 3013 2063 3105 processionem
2089 3028 2119 3070 ‘1
2169 3024 2585 3081 ornaverant

450 3121 706 3213 singuli
738 3122 807 3188 in
839 3121 1179 3201 manibus,
1215 3144 1505 3189 accensa
1534 3121 1872 3212 lampade,
1899 3145 2133 3189 cereos
2156 3120 2576 3189 deserebant.

456 3231 560 3296 17.
586 3230 973 3320 Quumque,
1007 3252 1150 3319 prae
1191 3228 1649 3315 multitudine,
1675 3229 1761 3297 ad
1788 3228 2032 3296 valvas
2062 3228 2367 3297 ecclesiae
2398 3252 2582 3295 acce·

447 3333 610 3403 dere
651 3335 1040 3403 nullatenus
1071 3346 1382 3425 possent,
1413 3359 1646 3404 cereos
1676 3344 1881 3426 atque
1911 3335 2233 3403 candelas
2265 3333 2334 3401 in
2358 3334 2584 3425 platea

444 3465 677 3511 coram
716 3441 898 3510 ostio
923 3456 951 3484 f
987 3442 1223 3532 templi
1261 3442 1522 3532 passim
1562 3441 2038 3533 projiciebant.

499 3659 547 3711 α’.
585 3665 722 3718 Luc..
754 3664 866 3710 Pad.
888 3664 1109 3711 Domini.
1127 3688 1181 3698 —
1201 3666 1245 3711 b.
1268 3665 1372 3709 Alc.
1392 3666 1472 3710 286
1492 3664 1679 3721 vigens.
1702 3686 1756 3699 ——
1779 3677 1824 3710 c.
1856 3664 1990 3710 Paris
2013 3665 2289 3712 ordinatos.
2319 3688 2373 3699 —
2389 3666 2437 3710 d.
2465 3665 2583 3710 Luc.

444 3749 529 3780 an.
564 3736 680 3781 Pad.
719 3748 796 3780 ac.
836 3735 974 3780 Paris
1006 3740 1069 3782 et.
1104 3758 1158 3769 —-
1196 3748 1237 3781 e.
1268 3735 1403 3779 Paris
1436 3746 1640 3780 cuneos.
1677 3758 1731 3769 —-
1768 3736 1805 3791 Ῑ.
1843 3736 1948 3781 Alc.
1978 3736 2058 3783 286
2086 3736 2388 3781 detrimenta
2421 3737 2586 3792 mauis

446 3807 611 3862 ipsius
625 3810 790 3864 parte.
815 3806 949 3850 Paris
970 3808 1272 3852 detruncata
1289 3806 1450 3863 ipsius
1466 3818 1650 3863 maana
1667 3810 1828 3863 parte.
1846 3829 1899 3841 -
1918 3820 1965 3863 9.
1989 3807 2123 3851 Paris
2144 3809 2304 3853 turba.
2323 3831 2377 3840 —
2394 3809 2444 3851 h.
2469 3807 2586 3851 Luc.

446 3878 551 3934 ipsi
584 3890 875 3933 quoque.—
932 3878 964 3922 i.
1001 3879 1106 3922 Alc.
1144 3878 1225 3923 286
1256 3878 1506 3923 omnium.
1539 3900 1593 3911 —
1618 3878 1662 3933 j.
1694 3878 1808 3923 Luc.
1839 3878 2272 3935 dispositionibus.
2302 3902 2356 3912 —
2390 3879 2435 3923 k.
2469 3879 2584 3922 Luc.

446 3949 767 3995 candelabra.
792 3971 846 3982 -
872 3949 903 3993 l.
931 3949 1035 3993 Alc.
1060 3950 1142 3996 286
1172 3961 1348 4005 mana.
1371 3973 1425 3983 —
1456 3960 1522 3993 m.
1554 3949 1668 3994 Pad.
1691 3951 2081 4006 praetendebant.
2111 3973 2165 3982 —
2189 3962 2239 3994 n.
2271 3950 2405 3994 Paris
2430 3950 2583 3993 enim.

445 4043 502 4054 —
529 4032 572 4064 o.
594 4020 701 4065 Alc.
726 4021 807 4067 286
840 4023 1061 4066 staturae.
1095 4044 1150 4055 —
1174 4033 1226 4077 p.
1259 4020 1376 4065 Luc.
1409 4023 1455 4065 et
1494 4020 1636 4076 quin.
1671 4043 1725 4054 —
1756 4033 1803 4076 q.
1833 4021 1948 4067 Luc.
1968 4021 2308 4078 processione.
2330 4043 2382 4054 —
2410 4032 2452 4065 r.
2478 4022 2583 4065 Alc.

446 4092 532 4137 286
550 4092 695 4137 ostia.

518 4274 562 4321 1.
597 4272 833 4339 Sper-ula
858 4284 999 4337 pour
1023 4271 1318 4339 sphaerula.
1348 4298 1412 4309 —
1441 4271 1525 4324 Cr.
1560 4272 1643 4324 Du
1675 4270 1892 4335 Canos,
1926 4272 2294 4323 Glossarium.
