3109 4950
575 429 664 498 86
1041 445 1101 495 s.
1155 447 1443 494 Ana-omi
1493 447 1817 495 mesum
1868 448 2109 509 rami,
2153 430 2236 497 31

575 587 754 657 ostio
791 586 1097 656 ecclesiae
1120 587 1264 678 jam
1289 586 1663 656 constituta
1693 586 1962 669 fuisset,
1997 611 2167 679 puer
2196 587 2307 656 ille
2340 588 2704 680 disparuit.

583 700 687 765 15.
734 698 1010 763 lntrans
1048 694 1264 786 igitur
1301 693 1389 762 ad
1430 694 1652 763 locum
1693 695 2014 786 sepulcri,
2058 705 2274 764 totam
2307 719 2381 764 se
2423 696 2711 765 contulit

576 802 892 871 orationi.
941 804 1202 872 Orante
1229 811 1455 870 autem
1478 816 1508 846 ‘²
1542 803 1719 893 ipsa,
1750 825 1905 871 ecce
1935 802 2069 870 duo
2111 802 2327 893 globi,
2371 803 2459 872 ad
2489 804 2711 871 instar

577 909 715 989 ovi,
749 907 1167 1000 eruperunt⁶
1204 909 1382 977 inter
1408 909 1627 976 femur
1653 923 1680 952 ⁶
1719 910 1868 1000 ejus
1909 920 1976 978 et
2011 909 2206 992 iliad,
2243 909 2709 978 discurrente-

578 1040 707 1108 que
765 1015 1108 1084 introrsus
1161 1015 1443 1083 humore
1495 1016 1840 1107 quodame
1882 1016 2331 1099 subcutaneo,
2392 1017 2581 1109 globi
2621 1017 2708 1086 ad

577 1122 788 1214 pedes
826 1146 1044 1213 usque
1101 1122 1604 1191 descenderunt
1650 1146 1755 1204 ac,
1797 1122 1867 1190 in
1905 1124 2180 1192 modum
2219 1148 2710 1193 concussurum

577 1253 898 1298 manuum
930 1240 1464 1321 perstrepenteS‚
1509 1229 1743 1299 multis
1791 1230 2255 1312 audientibus»,
2306 1242 2704 1299 sonuerunt.

585 1342 688 1408 16.
748 1336 1056 1428 Denique
1101 1360 1299 1404 crura
1344 1337 1516 1428 ejus,
1564 1336 1818 1428 viginti
1871 1361 2204 1406 annorum
2246 1339 2471 1429 spatio
2511 1340 2711 1430 quasi

578 1445 841 1536 lignum
899 1444 1222 1526 arefacta,
1286 1468 1441 1512 mox
1501 1445 1848 1513 extensas
1900 1455 2061 1513 sunt
2107 1455 2198 1527 et,
2261 1445 2489 1514 laxata
2528 1456 2707 1525 cute,

581 1577 822 1621 carnes
851 1552 938 1621 ad
961 1561 1296 1620 staturam
1320 1551 1681 1642 pristinam
1714 1576 2021 1621 crescere
2039 1562 2413 1643 coeperunt.
2447 1556 2552 1622 17.
2589 1552 2713 1622 Vi-

580 1660 821 1728 dentes
861 1669 1089 1729 autem
1127 1659 1451 1727 custodes
1490 1659 1732 1726 tumuli
1764 1684 1914 1750 quae
1937 1659 2216 1746 fiebant,
2243 1670 2436 1728 extra
2458 1660 2713 1728 ostium

581 1766 887 1838 ecclesiae
925 1790 1354 1858 praepropere
1378 1780 1415 1825 ὅ
1436 1765 1785 1834 mulierem
1826 1776 2203 1857 portanteS,
2251 1766 2432 1834 haud
2454 1767 2485 1810 ¹⁸
2517 1768 2712 1858 plene

580 1884 893 1943 sanatam
931 1873 1337 1942 dimiserunt
1357 1874 1399 1941 ἰ.
1450 1877 1552 1942 18.
1613 1873 1706 1942 At
1735 1873 1874 1953 illa,
1909 1897 2032 1964 per
2062 1873 2208 1941 dies
2240 1873 2471 1941 decem
2503 1884 2572 1942 et
2601 1899 2713 1943 no-

580 1980 816 2062 vem),
876 1980 1302 2049 orationibus
1358 1980 1716 2059 insistenS,
1770 2003 1892 2047 nec
1956 2004 2092 2049 non
2144 1991 2211 2050 et
2272 1981 2574 2072 quotidie
2625 1980 2716 2050 ad

581 2089 803 2157 locum
835 2087 1089 2156 dictum
1123 2088 1153 2131 ’ί
1191 2112 1264 2155 se
1304 2088 1589 2155 trahens
1616 2089 1659 2166 ἱ,
1716 2087 1786 2154 in
1826 2086 1934 2159 die
1986 2088 2352 2180 vigesimo,
2405 2088 2713 2158 dimissis

585 2195 906 2264 scanellis
926 2209 998 2276 m,
1032 2194 1305 2263 domum
1350 2195 1550 2263 rediit
1589 2204 1681 2275 et,
1725 2218 1857 2263 non
1904 2195 2053 2262 sine
2105 2218 2358 2286 magna
2411 2196 2711 2264 omnium

585 2302 1057 2383 admiratione,
1106 2325 1226 2393 per
1273 2301 1569 2370 medium
1609 2302 1935 2382 civitatis,
1989 2302 2278 2371 firmatis
2320 2303 2708 2395 gressibuS‚

584 2409 984 2479 ambulavit.

680 2520 781 2587 19.
827 2521 1049 2586 Puer”
1093 2517 1393 2609 quidam,
1442 2517 1822 2586 Albertus⁰
1863 2517 2160 2599 nomine,
2203 2541 2409 2609 quum
2453 2543 2494 2586 a
2536 2518 2714 2588 nati-

581 2625 797 2693 vitate
838 2648 962 2693 sua
991 2648 1209 2715 usque
1243 2624 1326 2693 ad
1354 2648 1607 2692 annum
1632 2625 2061 2693 undecimum
2083 2624 2321 2717 pedem
2355 2626 2713 2694 sinistrum

581 2743 892 2801 tortum?
914 2731 1296 2811 habuisset,
1340 2743 1533 2823 parte
1575 2732 1910 2823 superiori
1942 2732 2028 2800 ad
2066 2742 2319 2800 terram
2351 2756 2582 2814 versa,
2616 2732 2711 2800 di·

584 2839 769 2932 gitos
800 2839 886 2907 ad
927 2839 1317 2907 calcaneum
1357 2839 1551 2930 pedis
1584 2839 1805 2907 dextri
1845 2850 2387 2929 praeposteratos
2411 2854 2438 2896 ‘1
2481 2850 2716 2931 porta-

582 2947 722 3014 bat.
758 2950 866 3015 20.
913 2945 1041 3015 Cui
1072 2956 1292 3036 pater,
1337 2946 1424 3013 ad
1455 2946 1891 3037 dirigendum
1919 2960 1946 2988 Γ
1985 2945 2251 3037 pedem,
2296 2946 2486 3037 ligna
2527 2971 2712 3038 saepe

582 3055 805 3144 ligare
862 3064 1354 3132 consueverat;
1417 3053 1591 3120 sed³
1628 3076 1809 3140 mox,
1871 3077 2298 3144 quacumque
2349 3055 2711 3122 occasione

586 3160 760 3229 solvi
791 3159 1220 3248 contingeret
1235 3167 1280 3245 ἱ,
1314 3161 1384 3227 in
1423 3160 1893 3228 tortitudinem
1915 3174 1946 3203 ‘⁴
1981 3160 2254 3229 solitam
2276 3174 2301 3203 ν
2329 3160 2706 3229 resiliebat.

585 3272 693 3336 21.
768 3267 894 3334 Die
950 3266 1162 3357 igitur
1210 3266 1527 3357 quadam,
1587 3278 1805 3336 mater
1861 3267 2053 3358 pueri
2111 3267 2199 3334 ad
2257 3291 2487 3336 arcam
2525 3268 2711 3337 beati

586 3374 865 3442 Antonii
907 3398 1059 3442 cum
1097 3373 1235 3441 filio
1275 3374 1618 3464 supplexx
1657 3373 1951 3443 accessit
1990 3384 2058 3442 et
2089 3374 2332 3466 pedem
2361 3374 2581 3466 ipsius
2623 3375 2710 3443 ad

585 3483 803 3550 locum
849 3492 1211 3571 utcumque
1263 3480 1688 3549 intromisit?
1709 3505 1725 3562 ;
1781 3504 2147 3572 quumque,
2192 3504 2406 3572 parvo
2459 3481 2712 3549 ibidem

635 3691 681 3723 a.
709 3678 846 3722 Paris
880 3677 1047 3733 igitur.
1072 3700 1125 3710 —
1155 3678 1199 3722 b.
1227 3677 1332 3721 Alc.
1363 3677 1444 3723 286
1471 3679 1821 3732 erumperunt.
1856 3700 1909 3710 —
1946 3689 1989 3721 c.
2022 3676 2157 3720 Paris
2194 3677 2405 3732 remora.
2433 3699 2490 3712 —
2521 3678 2572 3723 d.
2593 3681 2714 3723 Aue.

582 3762 653 3804 ap.
679 3751 781 3794 Aet.
814 3749 901 3795 SS.
930 3749 1032 3793 illa.
1060 3772 1111 3781 —
1130 3762 1171 3793 e.
1200 3748 1333 3792 Paris
1357 3760 1447 3792 om.
1468 3750 1707 3804 quodam.
1728 3772 1781 3781 —
1804 3748 1841 3804 Ῑ.
1865 3747 1981 3793 Luc.
2001 3752 2217 3793 extenta.
2241 3772 2293 3782 —
2318 3763 2363 3805 9.
2394 3749 2504 3794 Luc.
2531 3759 2577 3793 et
2603 3749 2715 3794 Pad.

580 3833 810 3878 propere.
836 3844 888 3854 —
912 3822 960 3863 h.
984 3821 1088 3864 Alc.
1114 3821 1195 3866 286
1218 3823 1288 3865 ut.
1317 3842 1373 3854 —
1398 3820 1429 3863 i.
1462 3819 1578 3864 Luc.
1604 3822 1986 3865 commiserunt.
2011 3843 2062 3852 —
2081 3821 2125 3875 j.
2155 3820 2269 3865 Luc.
2295 3822 2397 3865 duo
2425 3822 2487 3864 de
2517 3820 2716 3876 viyinti.

579 3916 632 3926 —
654 3893 701 3937 h.
735 3891 868 3936 Paris
885 3904 975 3935 om.
993 3891 1205 3936 dictum.
1223 3914 1269 3925 —
1300 3890 1332 3935 l.
1359 3891 1429 3935 Le
1455 3895 1574 3935 texte
1588 3891 1822 3935 d'Ancone
1845 3904 1935 3937 om.
1962 3892 2032 3936 les
2058 3891 2224 3935 details
2246 3909 2255 3935 z
2286 3891 2523 3936 videntes
2543 3895 2718 3937 autem

582 3965 860 4009 custodes..
896 3963 1033 4007 haud
1069 3962 1217 4019 plene
1260 3965 1492 4007 sanatam
1540 3962 1847 4007 dimiserunt
1885 3972 1932 4007 et
1963 3965 2029 4007 At
2066 3963 2154 4008 illa
2186 3976 2279 4019 per
2315 3963 2423 4007 dies
2458 3965 2635 4008 decem
2668 3967 2718 4009 et

582 4046 795 4080 novem..
817 4034 883 4079 ad
917 4034 1083 4079 locum
1116 4034 1313 4079 dictum
1337 4046 1391 4078 se
1424 4035 1645 4079 trahens.
1665 4057 1718 4066 -
1735 4046 1802 4078 m.
1826 4033 1960 4078 Paris
1978 4033 2228 4079 scabellis.
2249 4057 2301 4067 —
2323 4047 2372 4079 n.
2396 4034 2531 4079 Paris
2545 4036 2642 4079 vir.
2660 4058 2718 4069 —

582 4120 625 4151 ο.
647 4108 763 4150 Ano.
785 4118 856 4161 ap.
878 4106 983 4149 Act.
1020 4105 1107 4151 SS.
1134 4106 1388 4150 Alvertus.
1407 4128 1462 4138 -—
1478 4118 1529 4161 p.
1555 4105 1693 4149 Paris
1727 4108 1905 4150 toturn.
1930 4117 2044 4161 —q.
2067 4105 2182 4150 Luc.
2203 4108 2642 4162 praeposterantcs.
2661 4129 2718 4139 —

584 4188 624 4221 r.
646 4178 750 4221 Alc.
770 4178 851 4222 286
872 4176 1164 4220 videndum.
1186 4199 1239 4209 —
1261 4188 1301 4221 s.
1333 4176 1464 4220 Paris
1486 4178 1550 4220 et.
1571 4199 1625 4209 —
1651 4179 1683 4220 t.
1706 4176 1811 4220 Alc.
1831 4178 1912 4222 286
1936 4177 2225 4231 contineret.
2249 4199 2303 4209 —
2327 4188 2376 4221 u.
2406 4176 2540 4221 Paris
2564 4178 2717 4233 sorti-

584 4248 829 4297 tudinem,
850 4269 902 4280 —
925 4259 967 4291 υ.
991 4247 1125 4291 Paris
1146 4247 1435 4302 pristinam.
1454 4259 1570 4292 -κ,
1598 4247 1731 4291 Paris
1749 4248 1965 4304 supplex
1984 4258 2102 4293 cum
2123 4248 2243 4304 filio.
2259 4270 2313 4281 —
2341 4261 2391 4305 y.
2417 4249 2537 4294 Anc.
2557 4261 2649 4294 om.
2671 4249 2717 4293 le

583 4318 747 4364 detail:
779 4321 824 4362 et
849 4319 1029 4375 pedem
1052 4318 1213 4377 ipsius
1242 4320 1307 4363 ad
1329 4319 1495 4364 locum
1518 4322 1792 4376 utcumque
1812 4318 2104 4366 intromisit.
