3109 4950
843 453 902 500 s,
954 453 1243 499 Ani-olm
1293 451 1617 499 mesum
1668 450 1911 511 rann,
1963 430 2050 498 38
2385 427 2509 495 103

936 837 1057 898 38.
1093 838 1199 895 De
1230 834 1850 897 febricitantibus
1880 842 1932 893 ἃ.

471 1132 531 1197 1.
580 1127 933 1196 Bonicus⁶
987 1126 1261 1218 quidam
1303 1125 1385 1194 de
1432 1126 1876 1207 Runcalia⁶·¹,
1921 1149 2151 1217 quum,
2195 1150 2317 1217 per
2357 1135 2510 1193 octo

379 1236 644 1304 dierum
710 1234 1070 1315 curricula,
1138 1233 1396 1302 inflatis
1453 1233 1790 1314 faucibuS,
1863 1232 2164 1301 dolorem
2230 1232 2510 1301 nimium

379 1341 857 1417 sustinuisset,
899 1343 1176 1408 tandem
1217 1340 1544 1409 saeviente
1585 1340 1812 1409 acrius
1852 1340 2202 1432 angustia,
2246 1340 2511 1408 anhelis

379 1448 688 1517 febribus
719 1447 952 1540 urgeri
991 1447 1213 1538 caepit.
1255 1452 1320 1516 2.
1359 1447 1484 1516 Die
1513 1458 1742 1516 autem
1783 1446 2100 1539 quadam,
2139 1447 2273 1515 duo
2303 1471 2339 1514 e
2374 1448 2513 1515 fra·

380 1556 632 1635 tribus,
668 1579 790 1646 per
818 1555 1035 1623 locum
1067 1555 1137 1622 in
1165 1578 1297 1645 quo
1318 1555 1355 1599 ἆ
1371 1555 1645 1645 jacebat
1670 1555 1798 1622 iter
1830 1555 2181 1634 facientes,
2211 1554 2298 1621 ad
2329 1577 2510 1635 eum,

379 1662 805 1732 visitationis
827 1675 853 1706 θ
885 1661 1137 1754 gratia,
1170 1660 1619 1730 diverterunt.
1655 1663 2040 1752 Quumque,
2079 1661 2312 1729 multis
2351 1684 2504 1728 eum

383 1769 820 1839 sermonibus
885 1769 1322 1837 consolantes
1346 1769 1411 1848 s,
1473 1767 1560 1836 ad
1614 1767 2083 1860 poenitentiam
2140 1791 2515 1859 provocas-

382 1887 562 1958 sent,
604 1900 786 1945 unus
844 1900 1076 1944 eorum
1127 1875 1533 1966 particulam
1587 1874 1994 1967 chlamydi5‚
2037 1888 2228 1966 quas?
2269 1876 2516 1943 beatus

380 1983 730 2053 Antonius
758 1983 858 2051 uti
887 1983 1177 2063 solebat,
1212 1982 1496 2073 protulit
1520 1992 1590 2051 et
1612 1982 2005 2073 aegrotanti,
2027 1981 2511 2072 recuperandae

383 2091 633 2160 salutis
665 2089 919 2182 gratia,
944 2090 1295 2181 applicuit.
1326 2093 1392 2159 3.
1420 2088 1580 2177 Qui,
1615 2089 2076 2181 praesentibus
2105 2088 2512 2165 fratribus&

385 2199 569 2267 illico
615 2196 963 2265 convaluit
1015 2205 1107 2277 et,
1148 2197 1381 2265 tacto‘
1419 2196 1647 2289 pulsu,
1696 2196 1950 2265 febrem
2002 2196 2300 2264 cessisse
2351 2219 2516 2285 cog-

385 2305 601 2373 novit.
668 2302 1166 2372 Recedentibus
1224 2314 1450 2372 autem
1515 2303 1653 2371 illis
1680 2302 1732 2383 J’,
1799 2327 1955 2370 mox
2013 2326 2202 2394 aeger
2267 2326 2515 2393 corpus

336 2407 603 2482 'erexit
658 2421 751 2494 et,
804 2410 1007 2504 signo
1070 2411 1291 2480 crucis
1352 2434 1504 2479 cum
1566 2420 1761 2503 parte
1819 2409 2251 2503 chlamydis*
2309 2409 2515 2500 capiti

386 2521 752 2611 impl-essm
786 2530 1011 2586 tumor
1050 2542 1248 2610 genae
1288 2518 1636 2586 recessit‘.

472 2631 539 2695 4.
577 2629 757 2693 Puer
786 2625 1086 2717 quidam,
1121 2625 1429 2693 Zoriusm
1462 2625 1756 2712 nomine,
1792 2625 2150 2715 quartanis
2179 2625 2520 2714 languens

388 2733 694 2802 febribus
726 2743 793 2801 et
834 2742 1031 2824 gutta
1061 2732 1358 2824 quadam
1388 2732 1781 2800 medullitus
1813 2732 2157 2808 anxiatus,
2186 2731 2272 2799 ad
2305 2742 2520 2799 tumn·
2583 2754 2600 2767 ·

389 2842 523 2909 lum
575 2840 853 2908 sanctia
905 2839 1174 2930 patris⁰
1222 2839 1503 2907 Antonii
1555 2838 1826 2907 delatus
1882 2849 2012 2907 est.
2084 2839 2245 2927 Qui,
2315 2862 2522 2930 quum

390 2948 578 3016 brevi
616 2947 950 3037 temporis
983 2947 1207 3037 spatio
1247 2970 1454 3037 super
1493 2970 1720 3014 arcam
1747 2946 2013 3037 positus
2047 2946 2518 3024 sustinuisset,

361 3080 429 3123 a
460 3066 659 3147 gutta
691 3054 892 3122 simul
924 3063 992 3121 et
1028 3053 1331 3122 febribus
1369 3053 1702 3121 liberatus
1743 3052 2179 3122 descenditP.

445 3390 489 3421 a.
514 3377 651 3421 Paris
685 3390 777 3420 om.
803 3388 854 3419 ce
880 3376 999 3419 titre.
1024 3400 1076 3408 —
1102 3377 1145 3420 b.
1170 3376 1275 3420 Alc.
1298 3377 1380 3421 286
1416 3376 1658 3420 Boracus.
1686 3374 1796 3418 Pad.
1823 3374 2060 3419 Bonizus.
2084 3398 2137 3406 —
2166 3387 2209 3419 c.
2236 3376 2366 3425 Pad„
2394 3376 2527 3421 Paris

395 3448 650 3493 Roncalla.
675 3472 729 3481 —
759 3448 809 3492 d.
841 3447 975 3491 Paris
1003 3448 1171 3492 locum
1202 3447 1303 3491 ubi.
1340 3470 1393 3478 —
1440 3460 1480 3491 e.
1508 3446 1642 3490 Paris
1669 3446 1927 3490 visitandi.
1967 3469 2022 3478 —-
2059 3446 2094 3501 Γ.
2121 3448 2225 3491 Alc.
2250 3448 2330 3491 286
2353 3449 2529 3492 multis

395 3531 507 3562 eum
533 3518 982 3563 consolationibus.
1010 3518 1122 3562 Luc.
1150 3518 1326 3562 multis
1364 3530 1482 3562 enm
1506 3519 1841 3562 consolantes.
1869 3517 2001 3561 Paris
2025 3516 2201 3562 multis
2226 3530 2340 3561 cum
2367 3520 2529 3563 verbis

396 3592 725 3634 consolantes.
749 3614 805 3622 -
832 3604 877 3643 9.
906 3590 1009 3633 Alc.
1035 3592 1114 3634 ‘286
1138 3602 1262 3644 (ματ.
1286 3613 1337 3620 -
1363 3591 1412 3632 h.
1444 3589 1575 3633 Puris
1597 3588 1843 3644 fratribus
1863 3588 2210 3643 praesentibus.
2240 3613 2293 3620 —
2335 3590 2366 3632 ι’.
2401 3591 2533 3634 Paris

397 3662 559 3707 tacito.
584 3686 638 3693 —
657 3661 697 3716 j.
726 3661 861 3705 Paris
886 3661 1146 3716 fratribus.
1167 3684 1220 3692 —
1247 3661 1293 3705 k.
1320 3661 1453 3705 Paris
1478 3672 1597 3704 cum
1618 3660 1903 3715 chlamyde.
1933 3684 1985 3692 —
2025 3661 2055 3704 t.
2081 3661 2185 3704 Alc.
2215 3661 2295 3705 286
2332 3664 2378 3703 et
2402 3662 2534 3706 Paris

398 3734 593 3777 resedit.
627 3732 740 3776 Luc.
782 3733 988 3777 recedit.
1020 3734 1085 3778 Ce
1116 3733 1299 3775 mit-acle
1336 3736 1408 3775 est
1443 3733 1560 3775 omis
1604 3745 1684 3786 par
1722 3734 1763 3775 le
1803 3735 1922 3775 texte
1959 3732 2204 3776 d'Ancone.
2235 3755 2289 3763 —-
2320 3744 2387 3776 m.
2421 3733 2531 3778 Pad.

397 3805 578 3848 Zonus,
621 3804 754 3849 Paris
790 3806 972 3848 Zenus.
1006 3805 1133 3849 Sicco
1160 3803 1422 3851 Polemone,
1449 3816 1521 3858 ap.
1549 3803 1814 3856 Azzoguidi,
1849 3804 2057 3858 l'appelle
2088 3805 2234 3848 Zeno.
2266 3828 2318 3835 —
2341 3818 2391 3847 n.
2418 3805 2531 3848 Pad.

397 3875 721 3920 sanctissimi.
746 3900 799 3908 —
829 3888 870 3919 0.
899 3875 1033 3919 Paris
1056 3888 1145 3918 om.
1164 3875 1343 3930 patris.
1368 3887 1485 3930 —p.
1510 3873 1577 3918 Le
1597 3874 1686 3918 Ms.
1714 3876 1768 3917 de
1791 3874 1998 3918 Lucerne
2024 3880 2070 3918 et
2095 3876 2134 3917 le
2163 3877 2279 3919 texte
2305 3876 2534 3918 d’Aneone

399 3950 610 3991 omettcnt
632 3960 683 3991 ce
712 3948 916 3991 min-acle.

468 4237 510 4283 1.
541 4232 870 4299 Roncaglt'a,
917 4233 1138 4283 localile
1181 4232 1391 4282 voisine
1431 4232 1497 4282 de
1536 4231 1780 4283 Padoue.
1814 4232 1992 4295 (JOSA,
2025 4230 2176 4296 Leg.‚
2213 4235 2336 4293 etc„
2370 4246 2424 4297 p.
2458 4236 2532 4289 58,

410 4315 570 4378 note.)
