3109 4950
1385 525 1712 571 annm-zm
2480 508 2611 575 313

668 663 860 715 Posuit
891 664 1066 730 igitur
1093 665 1353 716 denarios
1387 667 1550 730 targa
1598 678 1765 715 manu
1792 668 1843 715 et
1887 664 2132 731 implevit
2161 667 2449 718 scutellam
2491 670 2610 717 sta-

609 748 769 801 terae,·
798 745 920 811 ipsa
949 759 1078 796 vero
1109 745 1414 811 insufflavit
1443 747 1500 796 in
1538 745 1804 801 atteram,-
1846 748 1897 796 et
1934 747 2127 798 statim
2167 747 2613 813 praeponderavit

605 829 658 875 et
686 825 909 878 denarii
936 826 1116 877 subito
1140 830 1270 877 sunt
1295 827 1512 885 elevati,
1533 839 1601 876 ac
1625 826 1679 877 si
1703 827 1956 877 conversi
1981 827 2221 891 fuissent
2250 827 2307 876 in
2332 828 2610 892 plumeam

611 905 906 971 levitatem.
931 908 1085 973 Quod
1103 908 1297 957 videns
1319 920 1574 970 campsor
1593 906 1826 957 miratus
1846 910 1929 957 est
1948 906 2292 958 veliementer
2310 911 2379 969 et,
2397 908 2611 972 pluries

609 999 676 1036 ac
714 987 944 1051 pluries,
970 987 1231 1039 denarios
1260 1001 1326 1037 ex
1352 990 1511 1052 parte
1541 999 1646 1036 sua
1673 987 2031 1052 supraposuit
2061 986 2116 1037 in
2142 990 2372 1047 statera,
2404 1001 2502 1038 nec
2529 989 2611 1038 sic

602 1066 785 1130 potuit
823 1067 1015 1118 ilatum
1054 1067 1286 1118 domina·
1322 1069 1576 1117 elevare..
1611 1066 1713 1116 Cui
1751 1067 1933 1130 frater
1975 1065 2310 1118 Berthotdus
2355 1067 2613 1133 imposuit

610 1149 668 1195 ut
694 1146 780 1197 itti
803 1146 1052 1207 dominoe,
1075 1148 1231 1211 cujus
1252 1147 1539 1197 occasione
1561 1148 1670 1197 ista
1690 1146 1926 1208 viderat,
1948 1151 1999 1197 et
2020 1146 2187 1197 sociis
2208 1146 2323 1197 suis
2346 1147 2612 1199 victualia

610 1222 872 1277 tribueret
902 1228 1066 1292 targa
1086 1241 1281 1282 manu:
1309 1228 1451 1291 quod
1481 1226 1782 1292 diligenter
1807 1231 1859 1277 et
1884 1227 2242 1278 libentissime
2270 1227 2610 1292 adimplevit.

609 1306 984 1369 (Summanu,
1016 1307 1239 1369 Clu-on„
1269 1321 1357 1358 an.
1391 1311 1542 1369 1284;
1575 1307 1660 1357 ed.
1689 1308 1888 1358 Parme
1916 1310 2055 1368 1857,
2085 1321 2138 1372 p.
2170 1312 2261 1357 326
2289 1310 2344 1358 et
2372 1309 2504 1371 3⁶27.)

675 1387 796 1438 Une
823 1387 927 1438 lois
955 1387 1023 1438 de
1053 1388 1198 1452 plu5‚
1240 1400 1310 1437 on
1351 1390 1481 1454 peut
1509 1388 1651 1438 ainsi
1693 1387 1858 1437 saisir
1900 1400 1996 1437 sur
2026 1387 2075 1437 le
2118 1388 2218 1437 fait
2250 1402 2323 1437 un
2374 1387 2613 1453 procede

608 1466 1063 1531 d'ampliflcation
1094 1467 1408 1531 legendaire
1447 1481 1554 1532 que
1591 1467 1698 1517 l'on
1742 1470 2012 1528 constate‚
2057 1469 2092 1517 a
2140 1468 2355 1532 chaque
2385 1469 2611 1527 instant,

609 1560 741 1597 sous
788 1547 843 1597 la
889 1547 1074 1612 plume
1108 1547 1207 1599 des
1238 1548 1648 1613 hagiographes
1686 1547 1759 1597 du
1789 1550 1969 1611 temps
1999 1551 2165 1612 passe
2198 1563 2209 1598 :
2244 1547 2281 1597 il
2311 1549 2554 1600 consiste
2579 1549 2611 1598 a

609 1626 899 1688 attribuer,
927 1627 1276 1693 quelquel'ols
1321 1642 1456 1679 avec
1499 1627 1925 1691 premeditation
1966 1630 2023 1678 et
2064 1641 2195 1678 sans
2233 1641 2529 1691 vergogne,
2562 1628 2615 1679 16

611 1707 737 1772 plus
777 1710 1012 1758 souvent
1057 1709 1544 1758 inconsciemment
1585 1709 1640 1758 et
1677 1720 1887 1757 comme
1931 1706 2228 1764 d’instinct,
2271 1709 2303 1758 a
2347 1722 2421 1758 un
2470 1709 2618 1758 saint

612 1787 846 1848 illustre,
891 1800 962 1838 ou
1008 1788 1172 1851 qu'on
1213 1791 1355 1839 veut·
1375 1788 1575 1838 rendre
1604 1788 1697 1846 tel,
1729 1788 1810 1838 les
1840 1787 2142 1848 mirabilia,
2173 1788 2300 1838 d’un
2335 1790 2615 1839 caractere

607 1869 956 1932 pittoresque
985 1870 1040 1918 et
1069 1868 1347 1932 impp-ant,
1380 1867 1500 1930 deje
1528 1881 1595 1918 en
1626 1881 1787 1918 cours
1811 1882 1882 1918 au
1909 1870 2051 1929 sujet
2079 1868 2324 1919 d‘autres
2348 1862 2616 1919 bienheu-

610 1961 743 1998 reux
779 1949 955 1998 moins
982 1947 1247 1998 celebres,
1279 1947 1386 2009 (Cf.
1425 1948 1487 1998 R.
1517 1947 1578 1998 P.
1612 1947 1947 2008 Daumius,
1977 1949 2205 2009 Jesuite,
2230 1948 2331 1998 Les
2357 1948 2613 2013 legende-s

611 2027 1140 2095 hagiographiques,
1163 2042 1257 2087 ap.
1293 2028 1468 2079 Rerue
1490 2028 1588 2078 des
1604 2028 1884 2092 questions
1914 2028 2131 2089 histor„
2158 2032 2226 2077 ‘1⁶‘
2240 2028 2421 2090 juillet
2450 2028 2613 2092 1903.)

673 2109 968 2159 L’bistoire
997 2108 1067 2158 de
1097 2109 1152 2158 la
1190 2108 1383 2159 fernme
1412 2112 1467 2158 et
1496 2107 1565 2158 de
1594 2108 1649 2157 la
1679 2107 1911 2158 balance
1941 2110 2093 2166 etait,
2124 2107 2509 2167 evidemment‚
2540 2122 2615 2158 un

611 2182 772 2240 conte
810 2202 878 2239 en
921 2201 1117 2252 vogue,
1163 2202 1234 2239 au
1273 2188 1425 2238 xm·
1454 2188 1641 2249 siecle,
1668 2187 1807 2237 dans
1837 2187 1918 2238 les
1945 2188 2166 2239 milieux
2198 2189 2536 2253 populaires.
2566 2192 2614 2238 A

612 2269 795 2334 quelle
824 2269 953 2319 date
983 2272 1226 2320 remonte
1253 2282 1354 2319 son
1381 2269 1595 2331 origine
1624 2271 1681 2319 et
1709 2267 1777 2318 de
1804 2269 1932 2332 quel
1956 2269 2102 2319 saint
2131 2281 2478 2333 personnage
2507 2269 2616 2319 iut-

615 2349 722 2400 elle
743 2348 1176 2414 primitivement
1207 2348 1537 2413 l'apanage?
1574 2349 1640 2399 Je
1678 2361 1747 2398 ne
1785 2349 1957 2398 sals..
1991 2351 2079 2398 Au
2104 2351 2283 2412 temps
2313 2347 2382 2398 de
2414 2348 2614 2398 Salim-

615 2428 774 2492 bene,
804 2443 877 2481 on
903 2430 1056 2480 vient
1083 2428 1152 2481 de
1177 2429 1228 2480 le
1258 2430 1394 2491 voir‚
1418 2427 1684 2480 d'aucuns
1713 2442 1781 2480 6η
1805 2428 2143 2492 gratiliaient
2171 2427 2434 2480 Berthold
2462 2428 2616 2479 d'Al-

611 2509 888 2573 lemagne.
932 2510 1190 2561 L'auteur
1228 2510 1295 2560 de
1337 2509 1391 2560 la
1428 2509 1659 2572 legende
1699 2507 1766 2560 de
1817 2508 2080 2560 Florence
2137 2509 2326 2560 l'avait
2375 2510 2617 2560 entendu

611 2589 1326 2656 raconter,probablement
1355 2590 1494 2639 dans
1525 2604 1624 2641 son
1646 2593 1811 2651 jeune
1841 2591 1944 2652 age
1971 2603 2041 2639 au
2073 2589 2218 2653 foyer
2248 2589 2615 2653 domestique,

614 2683 703 2731 ou,
740 2671 865 2734 plus
905 2669 1046 2730 tard,
1084 2670 1222 2720 dans
1266 2671 1504 2735 quelque
1538 2673 1807 2730 couvent;
1854 2670 1889 2719 11
1935 2669 2107 2719 l’aura
2143 2671 2448 2730 retrouvee‚
2494 2669 2617 2734 plus

610 2763 680 2800 ou
707 2751 883 2800 moins
912 2753 1263 2812 vaguement,
1284 2750 1424 2800 dans
1463 2764 1552 2800 ses
1589 2750 1879 2800 souvenirs
1905 2753 1978 2810 et,
2006 2750 2226 2800 suivant
2262 2749 2477 2810 l'adage
2502 2762 2513 2797 :
2546 2762 2617 2799 on

611 2843 678 2880 ne
722 2831 878 2894 prete
916 2831 1116 2894 qu’aux
1146 2830 1344 2890 richeS‚
1369 2830 1404 2880 11
1442 2831 1634 2892 l'aura,
1667 2843 1798 2880 sans
1838 2831 1963 2896 plus
1998 2829 2065 2880 de
2102 2830 2309 2893 faconS,
2341 2830 2617 2880 attribuee

613 2911 645 2960 e
694 2912 841 2960 saint
876 2911 1139 2961 Antoine.
1177 2911 1432 2961 Certains
1462 2911 1734 2961 ecrivains
1783 2910 1852 2961 de
1897 2914 2051 2961 notre
2096 2913 2293 2975 temps
2337 2909 2412 2959 du
2453 2913 2618 2971 reste,

613 2991 763 3041 n'ont
802 2991 970 3054 guere
999 2991 1236 3055 procede
1275 2992 1602 3050 autrement,
1648 3004 1716 3041 en
1761 3002 1823 3040 ce
1861 2992 1956 3054 qui
1996 3002 2265 3040 concerno
2310 2990 2382 3040 tel
2429 3003 2500 3040 ou
2545 2989 2618 3041 tel

615 3072 745 3121 trait
787 3070 1047 3121 antonien
1089 3084 1196 3135 que
1236 3085 1375 3121 nous
1410 3073 1702 3134 pourrions
1737 3073 1933 3120 citerm
1982 3071 2158 3129 Qu'on
2200 3070 2417 3132 vienne,
2454 3071 2618 3135 apres

613 3150 750 3211 cela,
783 3152 1030 3201 soutenir
1061 3151 1457 3212 ridiculement,
1489 3152 1650 3216 qu'en
1686 3151 2106 3214 hagiographie,
2133 3151 2165 3199 a
2205 3149 2394 3200 detaut
2421 3150 2489 3201 de
2518 3150 2619 3200 do-

613 3234 880 3293 cumeum,
915 3247 939 3279 α
969 3232 1289 3296 possession
1319 3235 1451 3281 vaut
1477 3232 1638 3281 titre!
1674 3247 1699 3277 n

491 3321 639 3383 Page
669 3325 757 3371 257
787 3324 900 3370 not.
928 3324 970 3370 2.
997 3346 1058 3357 —
1085 3324 1133 3371 Α
1164 3333 1369 3385 propos
1400 3320 1467 3369 de
1497 3320 1791 3370 l’abandon
1814 3333 1926 3385 par
1959 3321 2037 3370 tes
2070 3320 2432 3385 Conventuels
2466 3323 2519 3369 et
2540 3320 2617 3370 les

616 3402 890 3466 Capucins
919 3401 984 3450 de
1011 3401 1271 3466 l’antique
1295 3400 1443 3463 office
1474 3400 1539 3448 ‹te
1570 3400 1723 3450 saint¹
1752 3400 2021 3451 Antoine:

676 3480 824 3531 C'est
853 3494 920 3530 au
952 3481 1156 3531 XVIII·
1207 3480 1372 3530 siecle
1422 3494 1529 3544 que
1578 3481 1658 3530 les
1716 3479 2089 3530 Conventuels
2131 3478 2496 3530 delaisserent
2539 3478 2619 3529 les

609 3563 865 3626 antiques
894 3564 949 3611 et
982 3562 1238 3626 precieux
1270 3562 1615 3611 monuments
1646 3561 1971 3625 liturgiques
2000 3559 2073 3611 du
2103 3560 2257 3610 XIII·
2285 3560 2452 3610 siecle
2476 3573 2615 3624 pour

611 3655 640 3704 y
660 3640 963 3691 substituer
988 3641 1084 3692 des
1114 3641 1300 3691 oilices
1333 3654 1638 3691 nouveaux.
1666 3639 1965 3703 Azzoguidi
1986 3653 2124 3690 nous
2150 3638 2330 3689 donne
2358 3652 2453 3689 sur
2477 3640 2620 3690 cette

611 3721 987 3782 substitution,
1023 3721 1158 3771 dont
1187 3722 1223 3771 il
1254 3723 1333 3771 lut
1375 3721 1483 3772 l'un
1513 3721 1612 3771 des
1640 3722 1966 3785 principaux
1995 3721 2256 3780 artisan5‚
2290 3719 2368 3769 les
2410 3720 2617 3769 rensei·

608 3804 896 3864 gnements
925 3815 1031 3866 que
1061 3801 1198 3851 voici
1227 3817 1239 3849 x
1265 3828 1327 3836 —
1365 3801 1581 3861 l'erum,
1624 3814 1787 3865 quum
1831 3805 1972 3851 esset
2003 3800 2181 3850 modis
2221 3799 2528 3862 rythmicis,
2561 3803 2619 3850 ut

613 3882 713 3933 itta
738 3881 950 3946 serebat
989 3885 1142 3942 zetas,
1186 3882 1544 3946 compositum
1585 3881 1843 3942 (officium
1894 3881 1952 3930 S.
1996 3881 2222 3930 Antonii
2283 3880 2618 3944 pristinum),

613 3962 671 4012 in
706 3962 971 4012 breviarii
1009 3976 1074 4012 ac
1105 3961 1352 4013 missalis
1382 3962 1561 4012 nostri
1589 3961 1984 4021 emendatione,
2020 3960 2090 4010 ab
2120 3960 2335 4010 ordinis
2360 3959 2618 4025 patribus

612 4055 758 4092 anno
797 4040 1290 4093 MDCCXXXVII
1329 4042 1599 4106 imperata
1659 4045 1728 4101 et,
1781 4041 2027 4104 sequenti
2072 4053 2239 4101 anno,
2285 4053 2321 4089 a
2369 4040 2622 4105 generali

614 4122 868 4172 ministro
920 4121 1056 4172 mihi
1102 4122 1199 4171 uni
1249 4121 1562 4180 commissa,
1616 4121 1673 4170 in
1725 4120 1882 4170 aliud
1923 4121 2237 4184 permutavi
2287 4135 2354 4170 ex
2399 4120 2617 4171 selectis

614 4215 898 4251 sacrorum
930 4200 1218 4250 bibliorum
1248 4201 1554 4260 sententiiS‚
1585 4201 1708 4250 vitm
1739 4214 1804 4249 ac
1833 4199 2117 4250 miraculis
2151 4200 2334 4250 sancti
2368 4201 2423 4251 in
2453 4213 2619 4251 sensu

615 4280 844 4345 mystico
882 4285 932 4331 et
962 4281 1347 4331 encomiastico
1381 4281 1610 4346 aptatis,
1637 4280 2022 4330 concinnatum
2043 4295 2063 4336 ‚·
2099 4280 2384 4344 eodemque
2413 4280 2616 4340 studio,

615 4376 683 4411 ex
725 4362 843 4428 ipso
879 4361 1182 4429 purissimo
1213 4362 1616 4428 scripturarum
1661 4364 1830 4425 sonte,
1887 4360 1944 4411 in
1979 4360 2140 4425 sestis
2185 4364 2295 4409 tum
2339 4360 2619 4427 seraphici
