3109 4950
857 464 916 513 s.
968 464 1258 512 ,uz-romu
1306 464 1630 513 monum
1677 463 1922 528 Palm,
1978 447 2058 514 15
2435 444 2518 513 51

386 614 691 707 prudens
760 615 941 682 Dei‘1
976 639 1222 684 servus
1289 615 1752 685 necessariam
1794 615 2044 707 populo
2117 613 2521 705 colligendae

384 723 637 791 messis
665 721 692 765 ⁶
733 722 1274 815 occupationem,
1320 747 1538 814 usque
1579 722 1667 791 ad
1698 733 1968 814 tempus
1999 723 2144 814 apti
2184 722 2520 790 sermonis

388 830 801 899 cessandum
840 830 974 898 sibi
1011 854 1051 898 a
1090 830 1580 922 praedicatione
1632 830 1982 909 censebat,
2025 828 2469 919 dimissisque
2495 841 2521 870 ⁰

386 937 820 1005 saecularium
871 938 1118 1025 turbis,
1174 938 1323 1006 loca
1376 938 1625 1005 secreti
1684 937 1962 1005 conscia
2011 936 2231 1028 petiit,
2297 946 2370 1004 et
2436 934 2522 1002 ad

385 1044 609 1112 locum
638 1044 754 1135 qui
786 1045 1091 1136 Campus
1131 1044 1354 1113 sancti
1398 1044 1584 1112 Petri
1623 1043 1873 1113 dicitur
1900 1045 1950 1127 ¹,
1992 1043 2240 1135 quietae
2282 1043 2524 1112 solitu-

386 1150 574 1220 dinis
613 1151 868 1242 gratia‚
926 1175 1000 1219 se
1047 1150 1358 1220 contulit.

479 1262 545 1327 3.
590 1258 809 1349 Cujus
867 1257 1168 1327 adventu
1223 1282 1359 1325 non
1413 1257 1848 1327 mediocriter
1902 1257 2348 1338 exhilaratuS‚
2416 1256 2526 1324 vir

390 1365 667 1456 quidam
722 1365 970 1433 nobilis
993 1365 1053 1445 ά,
1119 1365 1287 1433 Tiso
1357 1365 1652 1446 nomine,
1731 1363 1972 1433 sedula
2028 1364 2524 1433 humanitatise

387 1472 721 1563 obsequia
748 1472 900 1540 viro
932 1472 1059 1542 Dei
1089 1472 1390 1540 Antonio
1420 1471 1712 1541 devotus
1750 1471 2097 1555 exhibuit3
2141 1472 2254 1564 qui
2303 1482 2369 1540 ct
2393 1470 2521 1539 loci

390 1579 748 1647 fratrums
811 1579 1185 1647 dominium
1240 1580 1636 1670 possedite.
1692 1583 1759 1649 4.
1817 1580 2129 1648 Habebat
2177 1578 2524 1670 namque*

388 1686 498 1754 vir
546 1686 815 1754 dictusi
864 1686 1086 1754 locum
1125 1686 1485 1777 quemdam
1524 1687 1918 1756 nemoribus
1949 1686 2312 1767 consitum,
2344 1685 2524 1754 haud

389 1793 629 1883 procul
659 1817 700 1861 a
737 1793 937 1861 domo
976 1793 1290 1872 fratrum,
1331 1793 1450 1862 ubi
1498 1793 1701 1861 simul
1750 1794 1934 1861 inter
1966 1794 2158 1886 ligna
2197 1793 2526 1860 silvarum

390 1925 531 1967 nux
587 1899 899 1991 quaedam
963 1924 1264 1991 procerae
1331 1899 1808 1991 dispositionis
1892 1900 2329 1969 exereverati
2356 1886 2386 1979 ς’
2442 1899 2526 1967 de

386 2008 585 2097 cujus
625 2007 858 2098 stipite
905 2007 1083 2075 sex¹²
1135 2007 1402 2087 calami,
1445 2007 1516 2075 in
1563 2008 1776 2076 altum
1825 2008 2145 2099 porrecti,
2202 2029 2522 2076 coronam

386 2114 754 2205 quamdam
780 2138 1123 2183 ramorum
1148 2114 1644 2205 exprimebant.
1671 2119 1735 2184 5.
1763 2115 1980 2206 Cujus
2005 2115 2250 2183 miram
2289 2138 2522 2205 quum,

388 2221 498 2288 die
524 2220 821 2313 quadam
862 2221 903 2301 ¹,
931 2221 1041 2289 vir
1067 2221 1190 2290 Dei
1216 2221 1790 2313 pulchritudinem
1818 2223 2317 2313 conspexisset,
2340 2245 2521 2301 mox,

390 2328 694 2397 dictante
727 2328 1010 2420 Spiritu,
1044 2328 1285 2397 cellam
1325 2328 1519 2397 sibim
1549 2352 1755 2420 super
1786 2353 1935 2397 eam
1965 2328 2270 2397 decrevit
2294 2328 2440 2396 fleri
2463 2340 2520 2414 ¹¹,

390 2459 470 2504 eo
500 2435 792 2504 maxime
836 2435 1014 2528 quod
1055 2435 1446 2505 solitudinis
1475 2447 1505 2481 ⁰
1529 2435 2111 2528 opportunitatem
2141 2446 2209 2504 et
2240 2435 2525 2504 amicam

390 2543 949 2634 contemplationi
1014 2544 1311 2634 quietem
1377 2544 1568 2612 locus
1629 2543 2114 2635 praetenderet.
2191 2547 2258 2613 6.
2324 2542 2525 2630 Quod

391 2674 601 2741 quum
640 2650 822 2719 dicto
862 2651 1071 2719 nobili
1109 2652 1262 2719 viro
1290 2675 1411 2742 per
1450 2652 1701 2720 fratres
1741 2651 2062 2731 innotuit,
2106 2650 2450 2742 colligatis
2490 2661 2526 2705 P

390 2781 512 2848 per
532 2756 869 2849 quadrum
890 2768 921 2812 ‘1
953 2769 1021 2826 et
1050 2782 1133 2826 ex
1151 2769 1555 2827 transverso
1574 2782 1916 2827 ramorum
1943 2758 2256 2838 sudibuS‚
2286 2757 2525 2825 cellam

390 2863 474 2933 de
515 2863 809 2932 storiis?
845 2865 1141 2956 propriis
1194 2865 1511 2933 manibus
1568 2865 1862 2956 paravit.
1927 2866 2209 2934 Duobus
2258 2887 2525 2954 quoque

392 2971 600 3039 sociis
640 2970 860 3063 ipsius
894 2981 1256 3040 structurae
1285 2984 1310 3017 ⁸
1339 2971 1719 3040 consimilis
1759 2972 1967 3040 cellas
1997 2972 2181 3051 fecit,
2218 2969 2526 3061 superio-

388 3102 539 3146 rem
568 3077 843 3170 quidem
864 3078 1176 3170 ampliori
1199 3102 1363 3147 cura
1384 3077 1471 3147 ad
1501 3103 1676 3171 opus
1700 3078 1922 3148 sancti
1943 3101 2369 3170 praeparan8‚
2403 3100 2525 3144 cae-

444 3332 490 3365 a.
512 3320 651 3364 Paris
670 3318 893 3365 Domini.
912 3342 967 3353 -
996 3318 1040 3365 b.
1063 3319 1169 3365 Alc.
1194 3321 1274 3367 286
1305 3329 1351 3364 et
1368 3319 1475 3364 Alc.
1498 3320 1581 3367 293
1604 3333 1694 3365 om.
1716 3320 2023 3376 colligenda
2043 3318 2159 3365 Luc.
2185 3319 2250 3364 ad
2279 3319 2521 3374 coniuen-

389 3393 511 3435 dam
532 3402 770 3436 messem.
785 3414 838 3424 —
854 3402 897 3435 c.
918 3390 1053 3435 Paris
1068 3390 1301 3436 dimissis
1322 3391 1492 3446 igitur.
1509 3414 1563 3425 -
1577 3391 1627 3436 d.
1645 3391 1779 3436 Paris
1800 3391 1956 3446 Cujus
1974 3393 2188 3436 adventu
2210 3390 2519 3435 exhilaratus

391 3466 463 3507 est
492 3474 595 3507 non
630 3461 958 3508 mediocriter
988 3462 1198 3517 quidam
1226 3462 1409 3507 nobilis
1429 3449 1524 3508 v'ir.
1544 3486 1600 3496 —
1627 3474 1669 3507 c.
1695 3463 1800 3508 Alc.
1825 3463 1906 3508 293
1934 3462 2254 3508 humilitatis.
2275 3484 2328 3494 —
2356 3462 2392 3517 s.
2416 3461 2521 3505 Alc.

388 3534 469 3578 293
497 3546 588 3578 om.
620 3534 858 3588 fratrum.
889 3556 943 3566 —
970 3544 1017 3588 9.
1052 3532 1189 3577 Paris
1229 3533 1314 3578 cui
1356 3537 1403 3579 et
1431 3533 1529 3578 toci
1571 3534 1793 3587 fratrum
1838 3532 2126 3578 dominium
2170 3533 2389 3584 suberat,
2438 3531 2526 3586 qui

391 3606 567 3649 sedula
597 3604 935 3650 humanitatis
963 3604 1201 3659 obsequia
1228 3604 1338 3648 viro
1365 3604 1457 3649 Dei
1479 3605 1703 3650 Antonio
1731 3606 1941 3650 devotus
1970 3604 2211 3649 exhibuit.
2231 3626 2284 3637 —
2313 3605 2361 3647 h.
2386 3603 2520 3646 Paris

392 3679 576 3720 nutem.
600 3698 653 3709 -
680 3675 714 3720 i.
742 3675 877 3719 Paris
892 3675 1184 3731 praedictus.
1204 3703 1255 3713 —
1276 3675 1320 3729 1⁰.
1352 3676 1458 3720 Alc.
1484 3677 1565 3721 286
1592 3687 1637 3720 et
1664 3676 1771 3721 Alc.
1801 3677 1880 3722 293
1905 3678 2211 3720 exercuerat.
2247 3697 2298 3709 —
2325 3675 2371 3719 k.
2404 3674 2515 3718 Pud.

393 3750 507 3791 tres.
548 3768 601 3780 —
629 3747 661 3792 t.
694 3746 809 3791 Luc.
842 3747 1080 3801 quodam.
1103 3767 1157 3780 —
1184 3757 1252 3790 m.
1278 3747 1383 3790 Alc.
1412 3747 1494 3792 ‘286
1521 3759 1612 3793 om.
1631 3747 1744 3793 sibi.
1763 3768 1817 3781 —
1845 3760 1892 3791 n.
1918 3746 2054 3800 Luc„
2077 3746 2190 3790 Pan.
2225 3758 2381 3802 super
2412 3757 2524 3789 eam

394 3818 499 3872 fieri
532 3817 772 3863 decrevit.
814 3817 950 3862 Paris
987 3816 1099 3871 sieri
1128 3828 1286 3873 super
1315 3828 1429 3862 eam
1461 3819 1699 3864 decrevit.
1732 3835 1783 3845 -
1813 3831 1857 3863 ο.
1892 3819 1996 3863 Alc.
2035 3819 2116 3863 286
2143 3817 2525 3863 sollicitudinis.

396 3918 443 3927 -
466 3901 518 3944 p.
550 3890 687 3934 Paris
719 3888 983 3945 colligans.
1016 3909 1067 3921 —
1097 3900 1144 3944 q.
1166 3888 1276 3933 Nat.
1310 3888 1442 3934 14363
1461 3891 1695 3944 aradum.
1729 3912 1780 3924 —
1810 3903 1851 3935 r.
1877 3891 1984 3935 Alc.
2014 3889 2112 3943 286,
2142 3890 2249 3934 Ale.
2281 3889 2378 3941 293,
2416 3888 2527 3933 Nat.

396 3960 537 4016 14363,
560 3961 699 4006 Paris
732 3962 795 4005 de
815 3959 1056 4005 cistoriis.
1076 3975 1127 3985 -·
1158 3971 1201 4005 ε.
1223 3958 1340 4004 Luc.
1373 3960 1426 4004 in
1444 3965 1730 4007 structurae.

456 4162 499 4209 1.
536 4157 1046 4225 Camposampiero,
1084 4185 1149 4195 —
1176 4157 1324 4210 C’est
1364 4157 1709 4220 aujourd’hui
1750 4172 1857 4209 une
1882 4172 2191 4221 commune,
2219 4161 2251 4209 a
2277 4159 2534 4209 dix-neus

396 4239 705 4292 kitometres
732 4238 803 4290 de
836 4238 1082 4302 Padoue,
1106 4241 1293 4290 etune
1323 4240 1529 4289 station
1564 4238 1633 4289 de
1661 4240 1716 4289 la
1743 4239 1889 4303 ligne
1919 4239 1994 4289 du
2019 4241 2235 4290 chemin
2261 4239 2329 4289 de
2362 4239 2441 4290 ser
2460 4239 2528 4289 de

398 4318 615 4371 Padoue
645 4321 680 4370 a
708 4320 985 4370 Bassano.
