3109 4950
885 463 948 511 s,
999 463 1288 510 amomi
1335 463 1662 510 anesum.
1709 462 1953 523 rmus,
2005 442 2044 510 7
2446 444 2534 511 35

395 602 742 683 trabatur,
784 602 1132 682 utilitatis,
1185 626 1226 671 a
1274 602 1456 670 nullo
1508 601 1980 670 ministrorum
2030 601 2287 692 petitus
2335 611 2443 669 est
2472 614 2532 679 ⁶,

394 709 557 799 quia
585 732 712 776 nec
742 708 1063 801 cognitus
1092 709 1142 777 ⁶.
1176 713 1240 777 2.
1280 709 1590 800 Denique
1627 719 1872 777 vocato
1913 709 1982 775 in
2021 720 2284 800 partem
2325 707 2536 775 fratre

397 815 761 903 Gratiano,
797 816 913 907 qui
952 827 1113 884 tunc
1142 816 1213 883 in
1256 815 1706 883 Romaniola⁶
1754 814 2213 883 ministerium
2251 816 2538 882 fratrum

395 922 707 1013 gerebat,
744 923 1130 1014 supplicare
1163 923 1369 1014 coepit
1390 946 1637 990 servus
1670 923 1792 990 Dei
1815 923 2158 990 Antonius
2199 933 2538 1013 quatenus

396 1039 793 1119 susceptum
834 1053 909 1097 se
965 1054 1006 1097 a
1058 1029 1374 1098 ministro
1423 1028 1730 1121 generali
1778 1029 1849 1096 in
1903 1028 2374 1098 Romaniolam
2412 1027 2541 1095 du·

394 1146 581 1204 cerei
608 1135 644 1179 d
684 1146 752 1204 et
799 1136 1166 1205 deductum
1206 1136 1590 1228 disciplinae
1638 1134 2020 1227 spiritualis
2070 1134 2476 1203 rudimentis
2507 1147 2535 1177 ⁸

394 1241 795 1311 informaret
819 1243 884 1310 s.
944 1247 1009 1312 3.
1069 1243 1272 1311 Nulla
1330 1266 1619 1334 prorsus
1677 1242 1857 1311 datae
1907 1242 2102 1310 sibie
2130 1242 2536 1310 litteraturae

397 1350 654 1418 mentio
674 1350 731 1432 ²¹,
774 1349 963 1418 nulla
1001 1350 1511 1418 exercitationis
1543 1349 2029 1418 ecclesiasticae
2056 1350 2142 1417 ab
2173 1349 2393 1441 ipsius
2417 1372 2537 1417 ore

396 1457 819 1547 personabat
861 1457 1149 1548 jactatio
1190 1457 1232 1543 ἕ,
1274 1457 1398 1524 sed
1446 1456 1805 1525 scientiam
1852 1455 2162 1524 omnemJ'
2216 1467 2286 1525 et
2334 1456 2538 1525 intel-

396 1564 648 1632 lectum
674 1564 1036 1656 captivans
1066 1564 1137 1631 in
1174 1564 1580 1656 obsequium
1610 1563 1899 1645 Christi,
1927 1563 2154 1655 ipsum
2179 1564 2425 1643 solum,
2468 1574 2536 1632 et

396 1670 578 1739 hunc
618 1671 1037 1753 crucifixum,
1085 1671 1287 1754 scire,
1336 1670 1530 1739 sitire
1557 1671 1613 1754 ¹³,
1670 1669 1989 1763 amplecti
2039 1670 2215 1739 velle
2267 1670 2537 1762 procla·

392 1777 652 1845 mahat.

481 1896 551 1961 4.
595 1897 836 1962 Frater
878 1893 1085 1987 ergo1
1140 1894 1548 1975 GratianuS,
1582 1894 1823 1962 miram
1854 1893 2076 1985 ipsius
2106 1893 2537 1985 amplexatus

391 2000 853 2081 devotionem,
903 2001 1037 2069 viri
1089 2001 1215 2069 Dei
1265 2001 1448 2069 votis
1495 2000 1737 2069 annuit
1765 2010 1833 2069 et
1876 2011 2270 2092 susceptum
2311 2010 2536 2067 eumm

388 2108 464 2175 in
504 2108 975 2176 Romaniolam
1004 2120 1037 2151 ⁷²
1082 2108 1364 2176 deduxit
1397 2110 1440 2176 ¹.
1486 2113 1550 2178 5.
1595 2110 1774 2198 QuO,
1818 2131 2024 2200 quum
2068 2107 2177 2176 vir
2226 2108 2352 2175 Dei
2391 2109 2537 2174 An-

449 2353 495 2384 a.
531 2341 648 2385 Luc.
673 2352 764 2385 om.
789 2344 879 2386 est.
900 2362 954 2374 -
980 2341 1024 2385 b.
1050 2341 1155 2385 Alc.
1179 2341 1259 2387 286
1281 2341 1386 2386 add.
1411 2343 1501 2386 est.
1517 2362 1571 2374 —
1590 2352 1632 2387 c.
1655 2339 1773 2385 Luc.
1793 2347 1912 2386 tunc
1937 2339 2261 2386 Romaniolae.
2285 2363 2338 2373 —
2358 2340 2405 2385 d.
2431 2341 2537 2385 Alc.

390 2413 475 2457 293
504 2412 790 2457 deduceret.
818 2435 873 2444 —
897 2424 939 2457 e.
966 2411 1103 2456 Paris
1134 2412 1443 2458 rudimenta.
1466 2435 1519 2445 —
1544 2412 1581 2467 Ῑ.
1608 2410 1680 2456 Le
1699 2424 1786 2457 ms.
1813 2413 1925 2457 Pad.
1953 2411 2005 2458 74
2031 2413 2264 2468 supprime
2292 2412 2337 2455 ls
2373 2413 2539 2468 phrase

388 2485 621 2539 Denique
672 2488 918 2529 vocato...
961 2484 1270 2529 rudimentis
1311 2484 1614 2540 informaret
1638 2495 1727 2541 ety
1770 2486 2006 2529 substitue
2051 2484 2406 2539 l'interpolation
2450 2496 2538 2540 que

390 2557 543 2600 voiei:
571 2556 741 2600 Tantae
773 2560 881 2602 erat
900 2555 1143 2611 puritatis
1169 2560 1316 2613 pater
1336 2559 1546 2601 sanctus
1572 2559 1620 2601 et
1644 2556 2173 2613 tantaesimplicitatis,
2189 2558 2362 2613 utpote
2376 2566 2537 2600 nouus

390 2628 445 2672 in
474 2629 676 2680 ordine,
704 2628 826 2682 quia
864 2639 1025 2683 neque
1049 2627 1347 2672 ministrum
1371 2627 1613 2683 aliquem,
1652 2639 1745 2671 nec
1781 2627 2058 2672 ministerii
2081 2630 2166 2672 aut
2192 2626 2417 2672 custodis
2445 2637 2538 2670 seu

387 2698 666 2754 guardiam·
681 2698 908 2754 officium
928 2700 1094 2743 adhuc
1109 2699 1455 2754 cognoscebat.
1477 2699 1622 2744 Unde
1641 2710 1802 2752 neque
1825 2698 2041 2753 fratrem
2056 2698 2358 2742 Gratianum
2386 2709 2537 2743 voca-

388 2770 479 2822 vit,
515 2780 610 2813 nec
646 2769 842 2824 royavit
870 2772 927 2813 ut
960 2780 1015 2813 se
1047 2769 1357 2826 susciperem
1381 2769 1488 2822 sed,
1514 2772 1616 2814 tota
1644 2770 1728 2813 die
1755 2769 1974 2813 orationi
2011 2781 2216 2822 vacans,
2252 2769 2367 2813 aliis
2396 2780 2538 2813 rece-

389 2841 648 2892 dentibus,
668 2839 759 2884 iste
772 2840 992 2896 simplex
1001 2843 1047 2884 et
1062 2840 1263 2896 iqnotus
1278 2840 1514 2885 omnibus
1530 2841 1837 2892 remanebat,
1850 2840 2173 2885 committens
2190 2844 2291 2885 tam
2309 2841 2538 2896 seipsum

389 2923 549 2967 quam
564 2922 788 2967 yressus,
804 2922 956 2966 quam
975 2923 1189 2963 moram,
1206 2911 1540 2968 providentiae
1555 2912 1852 2957 salvatoris.
1869 2912 2048 2957 Frater
2061 2915 2228 2957 autem
2249 2911 2537 2963 Gratianus,

388 2993 551 3038 quum
587 2993 705 3027 eum
738 2983 1096 3038 interroqasset
1129 2983 1175 3027 si
1203 2986 1333 3027 esset
1358 2983 1612 3035 sacerdos,
1648 2983 1760 3027 sine
1784 2982 2055 3028 verborum
2095 2982 2539 3039 multiplicatione,

388 3055 571 3098 notens
601 3066 657 3098 se
686 3055 749 3098 de
780 3053 1061 3110 Scripturae
1086 3054 1301 3099 scientia
1336 3054 1551 3109 jactare,
1582 3055 1677 3100 hoc
1709 3057 1908 3099 tantum
1945 3055 2206 3110 respondit
2245 3054 2536 3098 humiliter:

390 3125 480 3171 Sic
504 3137 643 3170 sum.
672 3126 779 3179 Quo
806 3125 996 3178 audito,
1014 3128 1225 3182 propter
1246 3127 1572 3170 sacerdotum
1594 3125 1860 3171 instantem
1881 3128 2001 3170 tunc
2025 3125 2268 3182 temporis
2293 3124 2539 3180 inopiam,

390 3198 565 3242 dictus
601 3197 766 3252 frater
793 3196 1065 3241 Gratianus
1099 3209 1128 3241 a
1176 3197 1336 3253 fratre
1369 3196 1485 3240 Elia
1521 3197 1746 3252 generali
1772 3197 2011 3242 ministro
2046 3196 2145 3240 sibi
2170 3196 2283 3240 dari
2324 3196 2537 3251 fratrem

390 3268 698 3319 Antonium.
729 3267 1006 3323 instigante
1028 3279 1083 3312 se
1113 3268 1301 3313 Sancto
1336 3268 1554 3324 Spiritu,
1589 3268 1896 3324 suppliciter
1923 3268 2200 3324 postulavit
2227 3269 2274 3310 et
2302 3266 2535 3311 obtinuit.

390 3362 445 3371 —
464 3352 514 3394 9.
544 3338 684 3383 Paris
708 3351 799 3382 om.
828 3339 943 3383 sibi.
984 3362 1040 3370 -
1081 3339 1130 3383 h.
1158 3339 1293 3384 Paris
1316 3340 1506 3384 mentio
1540 3339 1849 3384 litteraturae.
1882 3361 1937 3372 —
1973 3338 2003 3382 i.
2045 3338 2163 3383 Luc.
2195 3337 2462 3393 Jactantia.
2485 3359 2541 3371 —

385 3409 429 3465 j.
448 3410 588 3454 Paris
603 3411 831 3455 omnino.
854 3433 909 3442 —
926 3410 972 3454 k.
996 3410 1131 3454 Paris
1150 3411 1254 3455 add.
1281 3414 1343 3456 et.
1367 3434 1421 3443 —
1445 3411 1477 3455 l.
1503 3410 1608 3455 Alc.
1630 3411 1712 3456 293
1742 3410 1911 3465 iqitur.
1927 3431 1984 3444 —
2003 3420 2071 3454 m.
2090 3409 2156 3456 Ce
2181 3419 2273 3453 mot
2294 3419 2365 3452 est
2393 3408 2542 3453 donne

394 3495 477 3538 par
505 3494 595 3526 ms.
620 3482 779 3526 Paris.
800 3504 855 3515 —-
879 3493 929 3527 n.
948 3482 1057 3527 Nat.
1086 3482 1218 3528 14363
1250 3481 1656 3538 Romaqinolam,
1677 3482 1791 3527 Pad.
1809 3480 2217 3527 Romandiolam.

459 3672 506 3718 1.
540 3668 618 3719 Le
658 3669 763 3719 Ms.
815 3667 952 3719 Pad.
992 3671 1070 3729 74,
1115 3668 1256 3718 dans
1302 3681 1410 3718 une
1453 3667 1866 3733 interpolation,
1915 3666 2050 3718 dont
2091 3681 2231 3717 nous
2286 3665 2540 3717 donnons

395 3750 672 3799 ci-contre
699 3749 750 3798 le
778 3751 944 3808 texte,
977 3761 1037 3798 se
1069 3752 1179 3799 met
1203 3749 1271 3798 ici
1300 3762 1369 3799 en
1394 3747 1799 3798 contradiction
1824 3746 2074 3799 formello
2095 3761 2229 3797 avec
2252 3746 2332 3797 les
2353 3750 2540 3797 autres

396 3829 551 3879 Mssa
585 3830 749 3879 Saint
800 3830 1059 3890 Antoine,
1107 3842 1246 3878 nous
1296 3828 1455 3889 dit-il,
1504 3829 1592 3878 n'a
1640 3828 1945 3878 nullement
1982 3827 2253 3877 demande
2296 3828 2330 3877 a
2377 3827 2542 3876 Frere

396 3911 628 3960 Gratien
656 3908 727 3959 de
755 3908 1053 3973 l’accepter
1093 3907 1233 3959 dans
1276 3922 1341 3958 sa
1384 3910 1648 3973 province
1660 3923 1675 3970 ;
1704 3909 1838 3958 c'est
1877 3909 1965 3958 Fr.
2011 3908 2238 3958 Gratien
2268 3907 2382 3971 qui,
2413 3920 2542 3956 sous

396 3990 777 4054 l‘inspiralion
807 3988 873 4038 de
902 3987 1332 4053 I'Espril-Sainl,
1366 3989 1498 4038 s’est
1526 3988 1752 4039 adresse
1780 4003 1850 4038 au
1879 3988 2255 4038 bienheureux
2282 3989 2354 4046 et,
2379 3989 2545 4049 ayant

394 4073 587 4135 appi-is
616 4069 751 4135 qu'il
779 4070 915 4119 etait
940 4071 1146 4133 preire,
1177 4083 1209 4119 a
1237 4069 1456 4134 supplie
1486 4069 1605 4118 Elie
1635 4070 1703 4119 de
1733 4070 1783 4119 le
1813 4069 1889 4118 lui
1911 4068 2110 4118 laisser
2130 4080 2429 4117 emmencr.
2457 4067 2543 4117 On

395 4152 523 4201 s'est
551 4149 831 4201 demande
861 4149 912 4199 le
944 4149 1104 4199 motii
1126 4153 1182 4199 et
1207 4148 1258 4198 le
1287 4148 1389 4198 but
1412 4147 1481 4198 de
1507 4151 1652 4199 cette
1693 4148 2084 4213 interpolation
2127 4148 2417 4197 manifeste
2446 4160 2457 4195 t
2492 4146 2543 4196 le

398 4230 459 4281 P.
501 4231 712 4281 Hilaire
756 4228 828 4279 de
872 4229 1053 4290 PariS,
1082 4227 1332 4293 Capucin
1376 4228 1705 4292 (Sciat-Ant.
1738 4229 1804 4279 de
1832 4228 1971 4280 Pad.
2012 4242 2077 4278 sa
2107 4229 2214 4292 leg.
2237 4228 2541 4293 primitive,

395 4325 449 4376 p.
477 4313 615 4376 XV),
650 4325 685 4361 a
714 4324 813 4362 cru
845 4324 874 4374 y
898 4309 1192 4360 decouvrir
1221 4322 1329 4359 une
1360 4322 1675 4359 manoeuvre
1712 4308 1812 4360 des
1857 4308 2249 4370 ConventueIS,
2285 4307 2544 4358 desireux
