3109 4950
574 401 699 468 120
1123 420 1183 466 S.
1237 420 1529 467 ANToNn
1578 420 1899 467 Leonum
1952 421 2168 467 pann

566 559 940 629 venerabili
970 560 1125 628 huic
1156 560 1306 628 viro
1336 560 1619 627 mirifice
1660 560 1969 640 contulit,
2005 560 2486 630 demonstrans
2519 561 2701 653 quod

569 668 825 735 eisdem
877 666 1191 758 patribus
1245 667 1315 733 in
1375 667 1643 734 meritis
1704 667 2203 758 quodammodo
2252 669 2344 738 sit
2386 670 2697 759 aequalis.

568 779 634 843 6.
680 774 1052 864 Officioque
1094 773 1455 864 praemisso
1497 773 1865 863 diligenter
1906 773 2266 864 completo,
2301 775 2372 841 in
2414 799 2486 842 se
2521 776 2704 843 illico

568 881 867 968 rediens,
901 880 1456 971 praedicationem
1491 905 1695 971 quam
1726 889 2027 971 coeperat
2064 880 2192 949 fuit
2231 882 2512 973 egregie
2543 906 2706 973 pro-

571 990 919 1058 secutus¹.

661 1097 723 1164 7.
768 1094 1099 1184 Quaedam
1153 1094 1332 1162 bona
1387 1094 1630 1163 mulier
1684 1094 2127 1175 suit-Paduae,
2185 1119 2335 1186 qua}
2388 1107 2703 1165 sanctum

571 1203 970 1284 Antonium,
1013 1202 1199 1269 foras
1251 1211 1612 1269 exeuntem
1651 1200 1996 1270 civitatem
2037 1201 2123 1269 ad
2162 1203 2700 1293 praedicandum,

493 1360 517 1385 .
572 1309 765 1400 sequi
805 1308 1233 1397 desideranS‚
1281 1333 1320 1375 a
1358 1309 1509 1377 viro
1555 1333 1681 1378 suo
1718 1320 1882 1377 tunc
1919 1309 2290 1400 languente
2330 1310 2700 1401 prohibita,

571 1416 903 1484 remansit
940 1416 1147 1496 domi,
1181 1416 1465 1484 tristitia
1503 1416 1870 1484 tabefacta.
1913 1420 1980 1485 8.
2025 1420 2221 1505 Qua),
2255 1416 2706 1485 deambulans

570 1525 641 1591 in
695 1522 947 1591 solario
991 1523 1234 1591 domus
1288 1547 1458 1604 suae,
1499 1547 1621 1614 per
1677 1523 2071 1604 fenestram,
2116 1547 2266 1614 quae
2312 1535 2708 1614 competens

568 1630 957 1712 videbatur,
991 1653 1239 1697 versus
1278 1630 1556 1721 plagam
1594 1629 1782 1698 illam
1824 1630 2073 1697 devota
2112 1631 2316 1721 eoepit
2347 1630 2709 1721 adspicere

572 1739 641 1805 in
693 1761 829 1828 qua
888 1736 1125 1805 eadem
1179 1736 1347 1805 hora
1407 1746 1689 1804 sanctus
1739 1737 2081 1805 Antonius
2131 1737 2579 1827 praedicabat,
2633 1748 2710 1805 ut

574 1844 907 1935 adspectu
971 1843 1215 1912 saltem
1269 1843 1575 1935 regionis
1641 1843 1977 1935 gauderet
2029 1844 2225 1935 cujus
2290 1843 2511 1912 suerat
2576 1844 2709 1912 sibi

574 1951 802 2020 aditus
842 1951 1250 2041 denegatus.
1879 1953 1894 1970 “

662 2062 727 2128 9.
782 2058 1098 2127 Mirabile
1151 2058 1378 2126 dictu!
1430 2062 1608 2126 Dum
1661 2058 1760 2126 sic
1799 2057 2040 2125 mulier
2104 2082 2444 2149 suspensa
2483 2068 2710 2126 mente

575 2165 971 2257 respiceret,
1008 2166 1260 2246 subito,
1295 2165 1477 2233 illius
1509 2175 1837 2256 operante
1868 2156 2122 2234 virtute
2160 2166 2275 2256 qui
2316 2165 2562 2233 solitus
2601 2177 2711 2234 est

568 2274 763 2364 justa
828 2272 1170 2341 desideria
1241 2273 1708 2363 comprobare,
1790 2273 2010 2340 sancti
2074 2296 2207 2340 vox
2264 2273 2710 2363 praedicantis

577 2379 857 2448 auribus
889 2381 1035 2471 ejus
1065 2379 1395 2448 insonuit.
1445 2382 1547 2447 10.
1579 2380 1793 2470 Cujus
1825 2378 1996 2447 mira
2028 2380 2371 2447 suavitate
2401 2379 2706 2461 detenta,

575 2488 735 2556 dum
772 2488 842 2555 in
874 2488 1175 2556 fenestra
1215 2511 1473 2555 moram
1514 2487 1974 2568 contraheret,
2008 2486 2403 2577 increpante
2445 2511 2519 2555 se
2557 2488 2711 2555 viro

577 2620 659 2663 ex
698 2594 848 2677 hoc,
884 2595 1012 2663 sub
1049 2594 1171 2663 tali
1211 2594 1650 2662 excusatione
1683 2593 2039 2684 respondit
2070 2618 2083 2660 ε
2130 2593 2353 2661 Audio
2394 2606 2710 2662 sanctum

576 2701 949 2770 Antonium
1003 2700 1511 2792 praedicantem.
1593 2703 1697 2767 11.
1764 2701 1988 2786 Quam
2045 2724 2250 2790 quum
2317 2699 2431 2767 ille
2495 2701 2712 2769 verbo

574 2809 833 2900 pariter
880 2819 949 2876 et
985 2807 1212 2876 animo
1251 2807 1618 2885 derideret,
1660 2806 1747 2874 ad
1787 2806 1920 2874 duo
1959 2806 2252 2874 millaria
2293 2806 2707 2888 Lombarda,

575 2916 824 3006 quibus
890 2914 1193 2983 distabat
1258 2912 1767 3005 praedicationis
1830 2912 2044 2993 locus,
2104 2937 2341 2981 vocem
2414 2913 2712 2982 hominis

576 3021 798 3090 audiri
848 3046 983 3089 non
1027 3046 1231 3112 posse
1272 3031 1696 3099 contestanS,
1740 3029 2095 3088 asserente
2145 3028 2375 3088 tamen
2425 3020 2712 3088 muliere

579 3153 721 3197 rem
759 3129 857 3196 ita
896 3153 1076 3208 esse,
1106 3139 1173 3196 et
1212 3128 1360 3219 ipse
1398 3127 1712 3195 ascendit
1749 3127 1835 3195 ad
1866 3127 2173 3195 eamdem
2205 3127 2601 3207 fenestram,
2631 3138 2712 3196 ut

578 3246 818 3327 posset
864 3235 1044 3326 quod
1085 3235 1466 3303 affirmabat
1500 3258 1674 3301 uxor
1712 3233 2039 3325 praedicta
2085 3233 2327 3302 melius
2382 3233 2703 3324 experiri.

584 3346 689 3412 12.
717 3345 821 3410 Ex
851 3366 984 3433 qua
1016 3341 1377 3433 siquidem,
1399 3342 1662 3409 meritis
1687 3341 1922 3409 uxoris
1954 3340 2200 3423 fidelis,
2219 3364 2458 3409 vocem
2484 3342 2709 3409 sancti

580 3450 760 3518 clare
808 3448 1216 3541 percipiens,
1262 3451 1404 3516 Deo
1446 3449 1712 3540 gratias
1751 3448 1895 3538 egit
1941 3448 2313 3516 immensas
2358 3457 2426 3515 et
2466 3456 2711 3515 sancto

578 3557 920 3639 Antonio;
977 3564 1067 3635 et,
1120 3579 1203 3622 ex
1251 3566 1411 3623 tunc
1461 3555 1594 3622 sibi
1646 3554 1944 3622 amicitia
1998 3554 2278 3645 speciali
2327 3555 2707 3636 cohaerenS,

577 3663 1008 3732 devotionem
1050 3663 1247 3730 bonae
1299 3661 1616 3753 conjugis
1674 3684 2102 3753 nequaquam
2151 3660 2441 3729 ulterius
2493 3660 2712 3751 impe-

578 3769 773 3839 divit.

672 3881 775 3947 13.
849 3876 1128 3945 Grande
1203 3885 1272 3945 et
1345 3875 1756 3967 stupendum
1829 3875 2229 3944 miraculum
2302 3874 2552 3943 accidit
2626 3899 2714 3943 ex

641 4122 686 4169 1.
716 4118 801 4170 Cr.
825 4119 877 4170 le
905 4118 1135 4184 prodige
1164 4118 1436 4183 analogue
1476 4119 1741 4183 rapport&
1766 4131 1871 4182 par
1897 4118 2036 4169 Jean
2069 4116 2302 4181 Rigauld
2337 4117 2481 4182 (cap.
2515 4118 2582 4166 V.
2616 4117 2711 4168 ed.

578 4198 655 4249 du
678 4199 740 4250 P.
776 4197 1107 4259 Ferdinand,
1138 4214 1194 4264 p.
1223 4198 1386 4263 lili-46)
1415 4200 1471 4250 et
1498 4198 1634 4250 dont
1667 4198 1880 4250 celui-ci
1908 4198 2048 4249 n'est
2075 4199 2244 4263 qu'un
2273 4196 2712 4261 dedoublement,

579 4291 687 4330 une
709 4278 977 4330 reedstion
1006 4278 1276 4331 modissee.
