3109 4950
530 426 656 493 106
989 445 1049 493 s,
1102 446 1391 494 AN‘roun
1441 446 1764 494 Lac-enm
1815 445 2055 505 rmum,
2107 428 2189 494 41

525 584 960 654 contenditis.
1036 589 1101 654 3.
1166 586 1614 677 Projectoque
1676 584 1759 654 de
1823 586 1996 655 solio
2028 601 2087 673 α,
2140 586 2247 655 cui
2301 587 2386 656 ad
2448 612 2656 679 pran-

522 691 861 762 dendum⁶
901 692 1358 762 consederant
1384 706 1436 774 ⁶,
1478 693 1549 760 in
1588 693 1899 762 terramd
1938 692 2189 785 cyatho
2218 707 2269 774 θ,
2316 692 2501 763 dictu
2533 695 2657 763 mi-

525 799 779 868 rabile!
838 799 1149 868 collisum
1208 799 1419 892 lapidi
1480 800 1733 868 vitrum
1794 799 2052 869 restitit
2105 810 2197 880 et,
2262 800 2655 870 videntibus

523 905 755 974 multis
794 907 866 975 in
907 907 1134 998 platea
1186 930 1399 998 prope
1457 907 1924 987 adstantibus,
1967 907 2453 976 inconcussum
2500 932 2656 1000 per-

525 1013 800 1082 mansit.
846 1017 913 1081 4.
949 1017 1102 1102 Quo
1130 1015 1284 1082 viso
1324 1014 1674 1098 miraculo,
1711 1015 2112 1105 poenitentia
2152 1014 2424 1096 ductuS,
2459 1016 2653 1084 miles

527 1120 613 1188 ad
652 1120 966 1189 vitrum-s
1001 1121 1298 1212 impiger
1334 1121 1655 1213 prosiliit,
1699 1122 2124 1213 illaesumque
2169 1138 2455 1191 secum&
2507 1148 2652 1214 per-

524 1228 831 1308 ferensf‘,
879 1228 1210 1297 fratribus
1256 1252 1407 1320 quae
1448 1229 1671 1297 factat·
1708 1230 1978 1298 fuerant
2030 1230 2320 1298 cunctas
2374 1255 2496 1321 per
2540 1255 2650 1299 or-

525 1336 749 1404 dinem
778 1336 1150 1406 narravitk.
1185 1342 1249 1406 5.
1280 1341 1486 1405 Facta
1519 1337 1770 1428 igitur²
1795 1336 2249 1410 consessione.
2280 1338 2652 1429 injunctam

526 1444 658 1513 sibi
724 1467 850 1534 pro
915 1444 1217 1534 peccatis
1286 1444 1758 1535 poenitentiam
1825 1444 2116 1512 devotus
2184 1445 2490 1536 suscepit
2558 1455 2648 1531 et,

523 1552 815 1621 fideliter
867 1553 1148 1624 Christo
1198 1553 1587 1637 adhaerens,
1640 1552 1979 1623 mirabilia
2032 1552 2180 1644 ejus
2238 1553 2656 1622 constantis-

524 1660 693 1728 sime
733 1659 1162 1750 praedicavit.

523 2105 645 2162 41.
704 2105 810 2162 De
866 2103 1175 2162 muliere
1244 2115 1614 2174 percussa.
1672 2116 1722 2161 a.
1770 2103 2077 2169 Domino
2135 2105 2211 2162 et
2269 2105 2553 2164 sanata
2580 2109 2656 2162 Μ.

620 2422 679 2487 1.
717 2418 925 2487 Soror
956 2416 1269 2510 quaedam
1299 2416 1381 2486 de
1423 2416 1661 2486 ordine
1707 2416 2149 2485 Dominarum
2190 2418 2574 2508 Pauperum
2597 2429 2655 2497 ⁶,

528 2526 728 2596 Oliva
765 2525 1058 2613 nomine,
1100 2549 1308 2617 quum
1341 2524 1563 2593 adhuc
1594 2525 1813 2592 sancti
1845 2523 2064 2615 patris
2104 2525 2307 2592 sunus
2357 2524 2662 2615 insepul-
2709 2592 2716 2601 ,

524 2644 718 2702 tum⁰
760 2643 1090 2715 maneret,
1139 2633 1431 2724 supplici
1483 2632 1846 2701 devotione
1899 2656 2143 2700 manus
2182 2632 2333 2723 ejus
2373 2631 2662 2700 deoscu-

525 2741 680 2809 lans
736 2742 1053 2809 accessit.
1104 2744 1167 2808 2.
1213 2742 1599 2830 Quumque,
1661 2763 1887 2808 coram
1929 2739 2404 2807 sacratissimo
2443 2761 2664 2830 prona

526 2871 810 2916 manens
853 2871 1157 2939 corpore,
1200 2871 1440 2938 preces
1480 2846 1567 2914 ad
1602 2851 1817 2915 Deum
1840 2846 2176 2928 funderet,
2206 2846 2385 2914 inter
2414 2856 2662 2914 caetera

529 2954 928 3045 suppliciter
958 2954 1152 3045 petiit
1189 2964 1262 3022 ut
1301 2977 1574 3045 poenam
1613 2977 1905 3036 omnem,
1935 2977 2163 3045 quam,
2188 2953 2490 3044 peccatis
2522 2953 2665 3020 exi-

530 3056 878 3154 gentibus,
927 3061 1316 3143 meruisset‚
1369 3061 1634 3129 meritis
1673 3060 2055 3129 beatissimi
2089 3060 2309 3151 patris
2350 3060 2656 3139 Antonii,

529 3171 598 3237 in
629 3168 953 3259 praesenti
982 3168 1126 3235 vita
1156 3167 1342 3235 sibil’
1376 3168 1707 3235 Dominus
1739 3167 2111 3258 infligeret,
2134 3191 2257 3234 nec
2287 3166 2658 3258 quidquam

528 3276 601 3343 in
648 3285 998 3366 posterum
1049 3274 1466 3365 puniendum
1525 3285 1914 3343 servaret‘I.
1975 3277 2040 3344 3.
2086 3274 2443 3365 Completa
2497 3297 2664 3341 vero

530 3383 863 3460 oratione,
895 3382 1385 3449 monasterium
1415 3380 1700 3450 intravit
1738 3405 2056 3472 moxque,
2081 3381 2510 3449 validissimo
2541 3404 2664 3472 per

528 3513 725 3555 omne
766 3512 1014 3578 corpus
1047 3489 1383 3556 intentato
1405 3501 1432 3531 r
1461 3487 1720 3569 dolore,
1757 3488 2197 3579 semetipsam
2235 3510 2662 3579 nequaquam

531 3595 873 3664 sustinere
916 3595 1297 3686 praevaluit,
1334 3595 1497 3686 quin
1536 3606 1647 3664 et⁸
1703 3606 2016 3673 caeteraS,
2058 3618 2200 3685 prae
2240 3594 2664 3662 vehementis

582 3896 628 3929 a.
657 3883 789 3929 Paris
824 3883 1028 3928 solario.
1053 3906 1106 3916 —
1127 3884 1169 3929 b.
1204 3882 1337 3928 Paris
1362 3881 1659 3940 prandium.
1683 3905 1738 3914 —
1761 3895 1803 3927 c.
1831 3881 1965 3926 Paris
1986 3883 2201 3927 sederat.
2224 3904 2277 3914 -
2299 3882 2349 3925 d.
2375 3883 2478 3926 Alc.
2501 3882 2583 3926 286
2607 3880 2661 3925 in

529 3959 679 4001 terra.
708 3954 839 3998 Paris
874 3968 964 3998 om.
1003 3966 1080 3998 ces
1118 3955 1233 3999 deux
1270 3958 1403 3998 mots.
1428 3977 1481 3985 —
1513 3965 1554 3997 c.
1581 3954 1685 3997 Alc.
1710 3954 1792 3998 286
1825 3952 1943 4008 ciro.
1969 3952 2101 3997 Paris
2126 3952 2260 4009 cyro.
2283 3975 2338 3984 —
2368 3953 2402 4008 Γ.
2430 3951 2544 3996 Luc.
2570 3964 2664 3997 om.

527 4028 594 4073 ad
636 4026 842 4070 vitrum.
881 4025 1014 4069 Paris
1038 4027 1102 4070 ad
1130 4026 1299 4081 fidem.
1320 4048 1374 4058 -
1405 4038 1452 4080 q.
1478 4025 1612 4069 Paris
1636 4025 1738 4069 add.
1765 4025 1973 4069 vitrum.
1997 4047 2050 4056 —-
2075 4025 2123 4068 h.
2149 4025 2250 4069 Alc.
2276 4024 2357 4069 286
2384 4023 2668 4079 proferens.

527 4122 581 4131 —
606 4098 638 4141 i.
666 4096 799 4141 Paris
817 4096 967 4142 dicta.
1000 4096 1109 4151 -j.
1142 4096 1275 4142 Paris
1297 4108 1385 4141 om.
1413 4098 1613 4140 cuncta.
1638 4119 1692 4128 —
1727 4095 1773 4139 h.
1801 4095 1933 4139 Paris
1960 4094 2232 4140 enarravit.
2252 4119 2306 4128 —
2331 4095 2361 4138 1.
2390 4094 2503 4139 Luc.
2528 4106 2663 4151 erqo.

527 4192 580 4202 -
606 4180 675 4213 m.
702 4167 835 4213 Paris
858 4180 948 4213 om.
973 4180 1023 4211 ce
1048 4169 1166 4213 titre.
1191 4190 1244 4199 —
1266 4180 1316 4211 n.
1343 4166 1476 4211 Paris
1499 4170 1686 4212 sanctae
1711 4167 1884 4212 Clarae.
1909 4178 2021 4211 -ο,
2043 4167 2147 4210 Alc.
2171 4166 2252 4210 286
2276 4165 2329 4210 ἐπ
2354 4165 2667 4222 sepulcrum.

527 4263 584 4274 -
602 4253 655 4296 p.
681 4239 797 4285 Luc.
822 4242 868 4283 et
894 4239 1004 4284 Pad.
1034 4240 1130 4283 sibi
1154 4239 1272 4285 vita.
1307 4262 1361 4272 —
1396 4250 1444 4293 q.
1472 4237 1588 4282 Luc.
1614 4241 1948 4283 conservaret.
1985 4260 2040 4269 —
2064 4251 2106 4283 r.
2130 4238 2233 4281 Alc.
2260 4236 2356 4283 286.
2384 4238 2577 4283 iterato.
2612 4259 2670 4271 -

529 4324 571 4356 s.
599 4310 713 4355 Luc.
738 4322 847 4366 quae
870 4310 1037 4356 etiam.
1064 4310 1176 4355 Pad.
1197 4320 1357 4366 quum
1379 4309 1547 4354 etiam.
1578 4309 1711 4354 Paris
1733 4308 1859 4366 quin
1882 4307 2053 4354 etiam.
