3109 4950
915 458 975 505 s,
1030 458 1316 506 Amoun
1365 456 1689 506 Laesum
1737 457 1978 516 rann,
2030 437 2115 505 27
2475 433 2560 505 77

433 597 686 665 nalium
744 596 1229 688 vigilantiama
1307 597 1635 666 certiores
1697 596 2086 674 redderent,
2145 595 2563 664 venerahilis

430 704 803 772 Paduanus
845 705 1210 795 episcopus
1242 704 1496 773 fratres
1529 729 1607 772 ac
1631 704 1658 748 ⁶
1697 704 1994 794 majores
2034 702 2338 771 ecclesiae
2368 726 2563 771 cano·

430 811 619 879 nicos
642 825 695 889 ⁶,
736 812 931 879 unad
970 836 1120 879 cum
1153 811 1374 903 priore
1414 822 1672 879 sanctae
1711 810 1953 879 Mariae
1994 810 2077 878 de
2117 814 2351 878 Monte
2391 808 2561 880 Cru-

428 919 526 986 cis
554 920 603 997 ¹,
675 929 986 1009 potestas
1050 943 1216 986 vero
1278 918 1542 987 nobiles
1601 929 1669 986 et
1735 927 2078 1007 potenteS,
2146 917 2429 985 comites
2497 926 2564 982 et

429 1025 708 1103 milites,
753 1049 904 1092 cum
957 1049 1092 1093 non
1146 1049 1360 1116 parva
1414 1049 1768 1116 procerum
1809 1024 2187 1116 frequentia
2231 1047 2311 1091 ac
2348 1036 2563 1115 popu-

428 1133 648 1199 lorum
681 1132 909 1206 turba,
957 1132 1045 1199 ad
1084 1132 1343 1199 curiam
1373 1132 1784 1200 transmisit.
1835 1135 1939 1199 14.
1987 1131 2237 1200 Scribit
2278 1129 2565 1221 proinde

429 1240 667 1307 favore
697 1239 909 1329 digna
942 1239 1431 1331 magistrorum
1463 1250 1668 1331 atque
1700 1238 2112 1306 scholarium
2141 1236 2563 1305 universitas

430 1355 576 1412 tota
616 1355 686 1413 et
724 1346 1020 1422 litteras,
1054 1346 1250 1413 visus
1281 1358 1348 1413 et
1387 1345 1663 1413 auditus
1702 1345 2164 1414 testimonium
2205 1343 2567 1435 perhiben-

431 1463 562 1530 teS,
629 1453 838 1520 mittit
897 1452 1354 1521 litteratorum
1411 1452 1670 1532 conci0,
1732 1476 1866 1520 non
1921 1451 2164 1519 leviter
2218 1451 2564 1542 repulsam

430 1583 750 1650 passura.
802 1563 905 1628 15.
938 1562 1158 1651 Super
1195 1560 1341 1627 haec
1380 1570 1608 1627 autem
1631 1574 1657 1603 θ
1695 1560 1922 1627 omnia
1955 1558 2250 1627 scribitf
2288 1569 2355 1627 et
2383 1582 2560 1649 quae,

430 1678 682 1757 agente
723 1666 849 1734 idessr
890 1668 1205 1745 Domin0,
1250 1691 1326 1735 se
1365 1667 1701 1735 offerebat
1737 1666 2227 1734 venerabilium
2261 1665 2565 1734 cardina-

430 1774 591 1842 lium
633 1775 1003 1865 praesentia
1050 1798 1065 1842 ε
1122 1798 1201 1841 eo
1243 1798 1532 1865 namque
1574 1785 1902 1865 tempore,
1946 1774 2262 1841 dominus
2304 1772 2504 1840 Oddo
2529 1772 2560 1815 h

430 1880 514 1947 de
556 1870 803 1949 Monte·
848 1885 1132 1949 Ferrato
1188 1893 1258 1950 et
1312 1881 1631 1949 dominus
1668 1881 1992 1961 Jacobus,
2036 1880 2292 1948 electus
2332 1879 2569 1947 Pales-

431 1988 761 2055 trinensis
782 1989 825 2066 ¹',
847 2011 969 2079 pro
994 1988 1425 2056 reformanda
1455 1988 1903 2079 quarumdam
1930 1987 2325 2055 civitatuma'
2369 2009 2563 2077 pace,

431 2095 501 2162 in
541 2094 953 2162 Lombardia
994 2105 1062 2162 et
1100 2094 1411 2164 Marchia
1442 2095 1808 2163 Tervisina
1838 2095 1892 2174 Κ,
1943 2095 2289 2185 legatione
2327 2093 2570 2183 funge-

432 2202 751 2270 bantur-2.
824 2206 926 2271 16.
992 2202 1152 2289 Qui,
1215 2226 1448 2293 quum,
1500 2202 1700 2270 dictae
1757 2202 2128 2293 legationis
2180 2200 2564 2281 occasione,

436 2308 740 2376 Paduam
797 2309 1247 2377 advenissent
1307 2319 1375 2377 et
1433 2308 1772 2377 mirabilia
1828 2308 1953 2377 Dei
2001 2309 2268 2377 oculata
2316 2307 2448 2375 side
2489 2331 2567 2375 ac

434 2416 822 2485 certissima
857 2417 1150 2485 veritate
1180 2416 1674 2508 cognovissent
1714 2415 1756 2498 ¹,
1797 2415 1961 2485 facti
1990 2427 2060 2485 et
2084 2416 2221 2508 ipsi
2250 2414 2565 2484 veritatis

434 2534 673 2605 testeS,
718 2524 1098 2592 litterarum
1140 2547 1419 2592 suarum
1449 2524 1829 2617 patrocinio
1855 2524 2337 2592 miraculorum
2365 2522 2566 2591 fidem

435 2630 912 2700 adstruebant.

525 2740 629 2807 17.
676 2738 996 2829 Acceptis
1037 2738 1252 2830 igitur
1289 2738 1601 2830 epistolis
1625 2752 1697 2819 m,
1741 2738 1960 2807 nuntii
2011 2738 2266 2805 celeres
2306 2737 2566 2805 curiam

434 2845 687 2913 adeunt
726 2855 817 2927 et,
859 2856 1206 2913 tantorum
1255 2870 1332 2913 ac
1381 2845 1620 2914 talium
1668 2845 2264 2937 patrocinantibus
2316 2845 2567 2914 litteris

434 2952 719 3033 suffulti,
763 2976 804 3019 a
842 2952 1117 3019 domino
1147 2976 1322 3044 papa
1373 2963 1439 3021 et
1478 2953 1808 3021 universa
1847 2952 2036 3021 curia
2064 2951 2565 3044 benignissime

486 3204 530 3237 a.
554 3193 662 3237 Alc.
684 3192 765 3237 286
788 3192 1071 3249 υἰρὶῑαηεὶει.
1095 3215 1148 3227 -
1174 3193 1216 3238 b.
1237 3194 1342 3237 Alc.
1371 3193 1451 3238 286
1476 3194 1557 3238 ad.
1583 3216 1635 3227 -
1663 3206 1708 3239 c.
1729 3196 1835 3239 Alc.
1860 3194 1941 3239 293
1968 3204 2013 3238 et
2044 3193 2156 3239 Pad.
2185 3195 2570 3239 concanonicos.

434 3286 485 3296 —
518 3265 568 3308 d.
590 3264 698 3308 Alc.
724 3264 805 3308 293
839 3264 1009 3309 unica.
1034 3287 1086 3298 -
1112 3278 1153 3309 e.
1189 3264 1304 3309 Luc.
1339 3275 1385 3309 et
1417 3264 1529 3310 Psd.
1554 3277 1647 3310 om.
1668 3267 1771 3309 haec
1791 3269 1978 3311 autem.
2010 3290 2064 3300 —
2094 3266 2134 3322 s.
2166 3266 2272 3312 Alc.
2292 3267 2372 3311 286
2395 3276 2439 3310 et
2464 3266 2570 3310 Alc.

434 3335 621 3379 2930111.
645 3335 842 3380 scribit.
867 3358 920 3369 —
952 3349 999 3391 9.
1030 3336 1164 3381 Paris
1187 3349 1277 3382 om.
1302 3336 1369 3380 id.
1392 3358 1445 3369 —
1476 3338 1526 3380 h.
1547 3337 1653 3381 Alc.
1676 3338 1758 3381 293
1795 3337 1960 3381 Addo.
1988 3336 2103 3382 Luc.
2139 3339 2267 3382 Otto.
2307 3338 2417 3382 Pau.
2445 3338 2567 3381 Odo.

435 3428 486 3438 —-
500 3406 534 3450 ι’.
557 3407 663 3452 Alc.
679 3407 776 3457 286,
794 3407 898 3452 Alc.
914 3408 994 3452 293
1012 3417 1058 3451 et
1078 3408 1212 3451 Paris
1232 3408 1580 3453 Paleserensis.
1604 3406 1720 3454 Luc.
1741 3408 2117 3459 Palesterensis.
2137 3409 2248 3453 Pad.
2265 3408 2569 3453 Palestinus.

436 3479 545 3533 ——j.
574 3479 681 3523 Alc.
702 3478 783 3524 293
807 3479 1022 3524 civitate.
1038 3501 1092 3512 —-
1117 3479 1164 3523 k.
1185 3480 1292 3524 Alc.
1316 3479 1398 3524 286
1425 3478 1721 3524 Τοτηὶεαηα.
1760 3479 1865 3524 Alc.
1902 3480 1983 3525 293
2003 3480 2285 3525 Trevisilla.
2307 3503 2361 3513 —
2387 3481 2415 3524 1.
2437 3479 2574 3524 Paris

438 3561 527 3595 om.
569 3553 618 3595 ee
654 3550 913 3594 mirabilia
955 3550 1046 3595 Dei
1077 3552 1276 3596 oculata
1309 3551 1408 3606 tide
1445 3562 1504 3595 ac
1542 3550 1831 3595 certissima
1869 3553 2081 3596 veritate
2122 3552 2486 3607 coynovissent.
2517 3574 2573 3585 -

438 3632 505 3665 m.
533 3623 637 3665 Ale.
678 3622 762 3666 286
793 3622 1012 3678 acceptis
1054 3622 1213 3679 igitur
1238 3622 1506 3679 episcopis.
1543 3622 1650 3667 Alc.
1676 3624 1756 3667 293
1789 3624 2007 3678 acceptis
2038 3623 2194 3679 ὶῃὶιιιν
2220 3622 2447 3682 episcopi
2495 3623 2569 3667 lit-

439 3694 574 3737 teris.
601 3692 720 3737 Luc.
741 3693 963 3749 acceptis
988 3694 1146 3750 igitur
1165 3693 1360 3739 litteris.

498 3914 542 3959 1.
582 3910 660 3960 Ce
692 3911 1026 3970 monestere,
1071 3911 1289 3975 d'apres
1334 3911 1384 3961 le
1432 3911 1572 3961 Pere
1618 3912 1750 3962 Josa
1791 3909 1943 3975 (Leg.
1977 3913 2102 3967 etc.,
2145 3925 2197 3975 p.
2229 3915 2306 3969 38,
2340 3912 2467 3960 note
2502 3909 2570 3972 1),

438 3992 568 4040 etait
598 3992 744 4040 silue
770 3992 900 4055 prcs
927 3990 994 4040 de
1025 3992 1303 4053 Battaglia
1331 3992 1411 4055 (18
1440 3991 1755 4042 kilometres
1777 3993 2003 4041 environ
2035 3991 2103 4041 de
2135 3991 2400 4054 Padoue),
2431 3992 2572 4041 dans

439 4071 515 4119 les
546 4073 728 4121 monts
756 4071 1103 4133 EuganeenS.

498 4156 544 4202 2.
583 4152 770 4201 Othon
802 4150 871 4201 de
903 4151 1087 4202 Monte
1118 4153 1367 4212 Ferrato,
1404 4152 1651 4202 cardinal
1683 4152 1757 4201 du
1787 4153 1912 4202 titre
1959 4152 2027 4201 de
2068 4152 2226 4202 Saint
2262 4152 2488 4202 Nicolas
2514 4152 2572 4202 in

442 4242 676 4291 carcere,
706 4233 763 4281 et
790 4233 1051 4296 JacqueS,
1101 4232 1354 4282 cardinal
1401 4234 1612 4297 eveque
1655 4233 1743 4282 clu
1793 4231 1861 4281 de
1905 4232 2238 4284 Palestrina.
2282 4233 2358 4283 Ils
2392 4233 2573 4284 surent

440 4311 633 4375 legata,
662 4313 803 4362 dans
834 4312 886 4362 le
917 4311 1053 4363 nord
1089 4312 1156 4362 de
1186 4312 1400 4375 l'Italie,
1433 4326 1499 4362 en
1531 4314 1648 4363 1231
1683 4316 1736 4363 et
1765 4314 1901 4364 1232.
