3109 4950
512 400 599 468 56
975 419 1035 464 s.
1090 418 1378 465 ANTONII
1426 417 1753 467 mesum
1800 418 2042 480 PRfflA,
2099 398 2177 466 17

511 558 912 650 quievisset,
948 557 1129 626 facta
1166 558 1600 627 consessione
1630 581 1753 627 nec
1791 571 1980 626 non‘1
2020 568 2089 627 et
2127 569 2409 650 accepta
2438 559 2641 628 abso-

511 665 793 747 lutione,
854 665 1181 758 hymnum
1227 665 1549 757 gloriosae
1606 664 1971 755 Virginisb
2001 675 2281 733 cantare
2322 667 2527 756 coepit
2563 691 2645 737 ac

512 773 736 842 dicere
766 796 781 841 :
819 773 879 842 O
906 772 1216 863 gloriosa
1241 772 1557 852 Domina,
1584 772 1853 840 excelsa
1874 796 2079 863 super
2102 772 2330 841 sidera
2353 787 2404 852 ⁶,
2430 784 2558 841 etc.
2591 774 2637 842 ¹.

515 882 619 949 12.
655 881 809 967 Quo
849 879 1055 961 dicte,
1090 878 1336 948 erectis
1367 903 1521 947 mox
1551 879 1623 946 in
1661 879 1904 947 coelum
1933 879 2149 947 oculis
2198 880 2642 971 attonitisque

511 986 882 1055 luminibus
936 985 1006 1053 in
1062 985 1394 1055 directum
1449 986 1838 1077 prolixius&
1893 985 2305 1077 inspiciebat
2329 1000 2380 1055 ⁶.
2424 988 2644 1074 Quem

513 1117 720 1185 quum
750 1094 963 1161 frater
990 1092 1106 1184 qui
1137 1116 1289 1161 eum
1328 1094 1771 1162 sustentabat
1798 1093 1962 1184 quid
1991 1104 2302 1161 cerneret
2353 1094 2643 1162 interro·

515 1210 780 1292 gasset‚
825 1200 1240 1291 responditf
1272 1200 1551 1270 :'Video
1592 1201 2014 1269 Dominume
2052 1201 2346 1270 meumst.

608 1312 712 1377 13.
756 1307 1090 1378 Videntes
1138 1317 1365 1376 autem
1417 1308 1667 1376 fratres
1720 1307 1836 1398 qui
1866 1306 2156 1377 aderant
2201 1307 2462 1377 felicem
2493 1309 2642 1400 ejus

513 1414 769 1483 exitum
830 1414 1405 1505 appropinquare,
1463 1413 1810 1482 unctionis
1855 1438 2069 1483 sacrae
2124 1415 2273 1483 oleo
2332 1425 2642 1484 sanctum

516 1522 685 1592 Deii
722 1530 1111 1590 statuerunt
1140 1545 1546 1613 perungere.
1600 1524 1704 1590 14.
1754 1520 1864 1590 Ad
1889 1545 2089 1612 quem
2118 1546 2326 1614 quum
2355 1547 2438 1591 ex
2458 1546 2643 1590 more

511 1631 726 1698 frater
778 1627 1055 1719 quidam
1119 1627 1509 1696 unctionem
1577 1651 1843 1697 sacram
1903 1629 2130 1696 serens
2186 1629 2641 1719 pervenisset,

514 1737 789 1805 intuens
846 1758 999 1804 eum
1064 1735 1310 1804 beatus
1365 1736 1709 1804 Antonius
1775 1735 1919 1804 ait:
1966 1739 2118 1805 Non
2181 1746 2290 1804 est
2332 1760 2640 1819 necesse,

515 1844 751 1925 frater,
793 1851 870 1910 ut
910 1842 1053 1911 haec
1093 1841 1257 1910 mihi
1294 1842 1510 1911 facias
1541 1867 1557 1925 3
1593 1842 1811 1910 habeo
1842 1843 2022 1911 enim
2050 1842 2440 1912 unctionem
2471 1844 2646 1913 hanc

513 1950 697 2019 intra
748 1973 853 2017 me
876 1949 929 2018 J'.
986 1952 1474 2019 Verumtamen
1511 1950 1764 2018 bonum
1815 1950 1981 2018 mihi
2022 1960 2129 2018 est
2168 1959 2235 2018 et
2284 1950 2457 2019 bene
2495 1951 2645 2042 pla-

518 2057 742 2127 cet'‘¹.
807 2060 912 2127 15.
970 2056 1432 2148 Extensisque
1489 2056 1806 2125 manibus
1867 2080 1946 2125 ac
2007 2058 2319 2148 junctis²
2367 2058 2640 2148 palmis,

517 2165 821 2256 psalmos
885 2163 1419 2255 poenitentiales‚
1479 2187 1632 2231 cum
1687 2156 2018 2232 fratribus
2085 2164 2488 2245 decantans,
2554 2164 2643 2233 ad

516 2273 721 2340 finem
775 2294 994 2362 usque
1059 2271 1444 2361 complevit.
1503 2272 1864 2363 Quumque
1929 2270 2212 2339 dimidia
2268 2271 2407 2339 sere
2478 2272 2645 2340 hora

519 2377 992 2457 sustinuisset,
1029 2378 1468 2446 sanctissima
1510 2377 1629 2445 illa
1667 2377 1920 2460 anima,
1956 2377 2183 2447 carnis
2206 2392 2252 2421 ”²
2291 2377 2646 2468 ergastulo

519 2486 767 2569 soluta,
811 2486 881 2554 in
919 2486 1249 2578 abyssum
1280 2485 1616 2554 claritatis
1656 2486 1983 2577 absorpta
2014 2495 2145 2554 est.

569 2735 615 2767 a.
641 2722 776 2767 Paris
811 2733 903 2767 om.
939 2731 1033 2767 nec
1072 2732 1190 2766 non.
1228 2742 1281 2754 —-
1320 2720 1365 2766 b.
1385 2721 1496 2767 Ass.
1531 2719 1747 2777 viminis
1768 2720 1958 2766 Martae.
1990 2743 2043 2755 —
2070 2733 2113 2767 c.
2134 2720 2240 2766 Alc.
2275 2720 2354 2765 ‘286
2383 2732 2474 2765 om.
2496 2731 2653 2776 super

514 2794 699 2839 sidera.
721 2793 857 2845 Luc..
878 2792 991 2838 Pau.
1012 2805 1102 2837 om.
1124 2792 1319 2837 excelsa
1347 2804 1503 2850 super
1528 2792 1713 2838 sidera.
1733 2816 1783 2827 —
1803 2792 1853 2837 d.
1875 2792 1979 2837 Alc.
2014 2791 2094 2839 286
2112 2803 2156 2837 et
2181 2793 2283 2836 Alc.
2303 2794 2383 2837 ‘293
2401 2790 2648 2848 prolixus.

515 2887 568 2900 —
597 2877 639 2909 e.
669 2865 775 2910 Alc.
809 2865 905 2918 293,
926 2864 1043 2909 Luc.
1064 2873 1109 2908 et
1141 2864 1253 2909 Pnd.
1288 2864 1599 2921 respiciebat.
1637 2864 1770 2908 Paris
1804 2863 2159 2920 prospiciebat.
2185 2880 2236 2892 ·-
2276 2863 2311 2918 s.
2341 2862 2476 2908 Paris
2504 2862 2647 2908 discat.

516 2959 568 2973 —
601 2949 647 2992 0.
670 2937 780 2981 Ass.
804 2937 983 2981 Deum.
1003 2956 1055 2969 -
1076 2935 1124 2980 h.
1152 2935 1244 2981 Ms.
1276 2934 1387 2980 Pad.
1408 2938 1557 2990 ajoute
1582 2946 1697 2980 cette
1719 2936 1910 2991 phrase:
1936 2935 2115 2980 Merito
2134 2946 2252 2979 curn
2267 2934 2395 2979 vidit
2411 2935 2513 2990 qui,
2538 2933 2652 2988 J’am

516 3009 730 3065 pulsans
764 3010 828 3054 ad
847 3007 1052 3060 ostium,
1087 3011 1193 3051 erat
1219 3019 1337 3052 cum
1360 3007 1468 3063 ipso
1498 3009 1685 3051 aetcrno
1706 3006 1937 3051 convivio
1966 3009 2273 3051 coenaturus.
2292 3027 2344 3040 -
2366 3005 2398 3051 i.
2419 3006 2534 3050 Luc.
2554 3018 2646 3051 om.

519 3079 1021 3134 Dei.-j.Ass.hanc
1049 3079 1187 3123 cuim
1216 3082 1509 3122 unctaeoncm
1541 3079 1697 3122 habco
1725 3081 1860 3122 mera
1890 3089 2055 3121 me.—
2091 3078 2135 3121 k.
2170 3076 2282 3121 Luc.
2305 3079 2377 3121 ad.
2399 3076 2543 3121 mihi.
2581 3077 2649 3122 Le

522 3152 612 3197 Ms.
642 3152 754 3197 Pad.
788 3151 841 3198 74
876 3161 996 3196 omct
1031 3151 1074 3195 la
1106 3151 1271 3206 phrase
1305 3150 1541 3195 Videntes
1571 3153 1742 3195 autem
1876 3153 1922 3193 cl
1944 3149 2064 3193 bene
2097 3149 2290 3206 placen,-
2325 3149 2359 3194 il
2381 3162 2405 3203 y
2425 3150 2650 3194 substitue

519 3224 728 3269 celle-ci:
757 3221 1001 3277 Quamvis
1043 3226 1212 3267 autem
1248 3222 1487 3267 unctione
1520 3221 1602 3265 vir
1630 3225 1839 3266 sanctus
1868 3219 2114 3266 invisibili
2145 3219 2331 3275 plenus
2364 3224 2506 3274 essct,
2530 3233 2650 3265 cum

519 3294 687 3340 debita
715 3297 883 3338 tamen
913 3293 1191 3338 reverentia
1221 3293 1439 3349 pentum
1472 3293 1721 3350 recipiens
1745 3295 2140 3338 sacramentum.
2175 3313 2227 3327 —
2250 3291 2281 3336 l.
2305 3291 2439 3338 Paris
2461 3291 2647 3337 unctis.

517 3388 572 3403 —
599 3377 668 3410 m.
690 3364 808 3411 Luc.
826 3377 917 3410 om.
936 3364 1124 3410 carnis.

584 3557 629 3605 1.
650 3554 799 3606 C'est
817 3554 1048 3617 l'hymne
1066 3552 1164 3603 des
1184 3552 1421 3612 Laudes,
1444 3552 1585 3603 dans
1612 3551 1804 3604 l'officc
1822 3553 2034 3603 romain
2054 3552 2124 3603 de
2148 3552 2203 3602 la
2224 3552 2403 3604 sainte
2429 3552 2649 3614 vierge.

519 3635 825 3695 Toutel’oiS,
855 3636 935 3684 les
968 3635 1232 3698 premiers
1264 3637 1425 3695 mom,
1457 3647 1565 3698 que
1595 3634 1702 3684 cite
1733 3632 1787 3683 la
1815 3631 2067 3696 legende,
2090 3636 2186 3682 ont
2211 3634 2317 3694 ete,
2351 3632 2464 3682 lors
2500 3630 2568 3682 de
2598 3631 2652 3683 la

521 3715 827 3765 correction
851 3713 924 3765 du
950 3713 1224 3764 breviaire
1252 3728 1383 3764 sous
1412 3713 1624 3764 Urbain
1657 3713 1805 3774 VIII,
1854 3712 2163 3777 remplaces
2191 3725 2294 3777 par
2316 3712 2535 3763 ceux-cl
2562 3726 2574 3762 ε
2610 3712 2654 3760 0

518 3794 769 3858 gloriosa
798 3794 1097 3859 virginum,
1124 3794 1375 3845 sublimis
1404 3793 1549 3843 inter
1571 3793 1778 3844 sidera.

582 3880 634 3924 2.
672 3875 751 3925 Ce
777 3888 1017 3939 passage
1046 3874 1114 3925 de
1148 3874 1201 3924 la
1230 3875 1463 3940 legenda
1484 3874 1691 3938 ρνίηια,
1723 3874 1794 3922 on
1825 3874 1972 3925 saint
2012 3873 2251 3924 Antoine
2295 3873 2515 3923 declaro
2546 3886 2654 3938 que

522 3956 1054 4006 l'extrcmc·onction
1085 3969 1152 4005 nc
1193 3954 1267 4005 lui
1297 3957 1381 4005 est
1412 3968 1513 4018 pas
1556 3955 1888 4014 neccssaire‚
1923 3955 2061 4004 mals
2100 3954 2408 4004 seulement
2436 3953 2591 4010 utile,
2620 3969 2652 4002 a

522 4036 724 4085 suscite
755 4035 1066 4096 d'ctranges
1097 4034 1383 4099 scrupulos
1412 4037 1468 4084 ct
1497 4033 1566 4084 de
1593 4048 1700 4082 non
1725 4033 1899 4083 moins
1926 4036 2182 4096 etrangcs
2209 4035 2650 4083 commentaircs.

523 4115 779 4166 Certains
803 4117 898 4164 ont
925 4117 1117 4164 trouve
1148 4114 1199 4163 la
1226 4117 1459 4178 repense
1485 4114 1561 4164 du
1586 4115 1737 4164 saint
1763 4128 1868 4177 peu
1894 4112 2172 4173 cdissante,
2207 4115 2358 4164 voire
2388 4113 2656 4177 suscepti·

523 4195 615 4245 ble
642 4194 711 4245 de
736 4192 1079 4245 scandaliscr
1104 4194 1183 4244 les
1209 4195 1361 4244 ames
1409 4194 1630 4258 picuses
1663 4208 1675 4244 :
1703 4193 1810 4245 elle
1853 4193 2116 4257 choquait
2162 4206 2360 4244 encore
2391 4193 2654 4257 naguere,

522 4289 734 4327 comme
762 4291 787 4323 α
819 4287 927 4338 peu
956 4273 1235 4325 conforme
1265 4275 1298 4324 a
1327 4274 1615 4325 l'hutnilite
1647 4291 1692 4336 n,
1730 4273 1781 4325 le
1815 4273 1955 4325 Pere
1983 4274 2118 4325 Josa
2151 4273 2461 4325 lui-meme!
2494 4271 2643 4338 (Leg.
