3109 4950
713 469 774 515 s,
827 468 1115 515 inmun
1165 468 1489 518 Lac-num
1537 468 1781 530 emm,
1823 449 1911 516 46
1961 469 2044 515 ετ
2090 449 2177 516 47
2368 451 2495 518 113

934 775 1055 835 46.
1090 776 1196 833 De
1226 776 1401 834 voto
1430 776 1827 836 subtracto
1856 782 1908 834 ἃ.

446 1011 504 1076 1.
544 1011 725 1077 Puer
756 1009 1032 1100 quidam
1064 1009 1147 1078 de
1181 1010 1458 1080 civitate
1492 1010 1726 1080 Padua
1746 1010 1797 1093 ὖ,
1828 1010 2164 1080 Hem-icus
2197 1010 2492 1090 nomine,

349 1139 587 1207 quum,
630 1116 870 1184 inflato
910 1117 1108 1197 οοΙΙο,
1153 1141 1477 1209 magnam
1517 1142 1639 1209 per
1679 1118 1828 1186 dies
1859 1118 2243 1209 quindecim
2285 1118 2497 1186 susti-

350 1223 626 1290 nuisset
663 1222 1085 1313 passionem,
1126 1235 1423 1293 vovente
1462 1235 1682 1293 matre
1721 1226 1915 1316 ejus⁰
1948 1249 2021 1293 se
2060 1226 2306 1293 collum
2344 1247 2495 1292 cum

352 1330 579 1421 capite
611 1354 805 1398 cereo
836 1330 923 1398 ad
953 1331 1475 1400 sanctiAnto'nii
1498 1332 1831 1400 tumulum
1862 1332 2056 1401 fored
2086 1331 2491 1411 delaturam,

353 1461 682 1504 reversus
723 1461 765 1506 a
800 1438 949 1506 loco
997 1438 1306 1521 fratrum,
1354 1438 1764 1507 sanitatem⁶
1803 1439 1958 1507 colli
2013 1439 2304 1530 adeptus
2358 1448 2489 1508 est.

352 1547 421 1611 2.
462 1544 961 1614 Dissimulante
992 1556 1220 1613 autem
1259 1554 1478 1614 matre
1517 1545 1708 1638 pueri
1740 1570 1866 1614 nec
1901 1546 2317 1637 promissum
2357 1544 2497 1613 sol-

350 1659 585 1733 vente,
650 1651 895 1719 collum
955 1653 1105 1743 ejus
1164 1652 1477 1721 iteratos
1523 1653 1731 1743 coepit
1780 1652 2031 1721 inflari.
2084 1656 2151 1722 3.
2200 1655 2294 1719 At
2349 1652 2490 1739 illa,

351 1768 591 1826 reatus
658 1759 766 1826 sui
816 1759 1116 1846 conseia,
1183 1760 1427 1828 merito
1474 1759 1692 1828 doluit
1757 1770 1848 1840 et,
1922 1760 2249 1851 replicato
2303 1769 2492 1838 vote,

352 1876 562 1955 eaput
619 1880 943 1933 cereum&⁷
989 1889 1139 1934 cum
1198 1866 1371 1935 collo
1420 1866 1508 1935 ad
1552 1867 1938 1957 sepulcrum
1987 1867 2207 1935 sancti
2264 1876 2498 1935 trans-

351 1973 567 2040 misit.
629 1974 696 2040 4.
740 1972 943 2061 Quod
997 1997 1204 2064 quum
1262 1974 1515 2042 sactum
1573 1967 1845 2052 suisset,
1887 1974 2196 2042 inflatum
2252 1975 2497 2041 collum

354 2079 641 2147 subitost
705 2079 1040 2149 detumuit
1100 2090 1193 2166 et,
1255 2081 1636 2172 interjectis
1694 2080 1939 2150 diebus
2003 2081 2271 2173 paucis»,
2327 2104 2500 2172 puer

352 2185 553 2277 plene
592 2186 967 2275 convaluit,
990 2198 1366 2278 praestante
1404 2186 1678 2256 domino
1719 2198 1957 2260 nostro
1985 2192 2150 2256 Jesu
2185 2187 2492 2269 Christo,

354 2293 465 2360 eui
494 2304 606 2361 est
636 2293 855 2362 honor
899 2304 968 2362 et
1010 2293 1234 2385 gloria
1274 2317 1396 2385 per
1439 2294 1711 2363 omniai
1765 2294 2018 2364 saecula
2062 2294 2491 2363 saeculorum.

355 2401 580 2468 Amen
614 2399 662 2469 j,

1119 2711 1240 2770 47.
1293 2708 1731 2784 [Epilogue]

450 2948 509 3012 1.
548 2944 769 3013 Multa
800 2943 1073 3035 quidem
1105 2954 1172 3013 et
1199 2944 1333 3013 alia
1365 2945 1570 3037 signa
1598 2969 1720 3036 per
1745 2968 2019 3013 servum
2052 2970 2251 3014 suum
2281 2947 2492 3014 Anto·

359 3051 540 3118 nium
579 3052 971 3143 majestatis
1031 3052 1413 3120 Dominus*
1467 3052 1739 3140 operari
1786 3052 2116 3144 dignatus
2165 3063 2293 3135 est,
2340 3076 2492 3143 quae

358 3180 492 3225 non
535 3169 699 3226 sunt
739 3158 996 3249 scripta
1034 3159 1107 3226 in
1144 3159 1319 3226 libro
1358 3159 1510 3227 hoc.
1555 3163 1620 3226 2.
1666 3162 1766 3227 De
1806 3159 2038 3228 multis
2082 3169 2310 3227 tamen
2348 3160 2494 3226 haec

357 3289 572 3356 pauca
625 3277 693 3332 et
744 3264 829 3333 de
878 3265 1306 3334 notioribus‘
1349 3265 1735 3334 certissima
1788 3266 2252 3357 excipiendom
2292 3289 2493 3334 cons-

359 3373 749 3463 cripsimu3‚
799 3383 878 3439 ut
943 3383 1012 3441 et
1073 3372 1310 3440 laudes
1374 3373 1724 3464 adjiceren
1792 3373 2220 3463 cupientibus
2296 3396 2492 3441 oeca-

361 3479 618 3547 sionem
675 3479 917 3547 demus
971 3490 1062 3560 et,
1118 3480 1451 3547 incertum
1499 3480 1879 3548 abnuentes
1906 3495 1961 3562 ⁰,
2005 3479 2165 3548 dum
2211 3480 2490 3548 laudare

412 3704 455 3736 a.
482 3692 600 3736 Luc.
626 3696 673 3737 et
695 3692 832 3736 Puris
850 3705 940 3737 om.
961 3705 1012 3736 ce
1038 3693 1156 3738 titre.
1180 3716 1232 3726 —
1258 3694 1301 3737 b.
1330 3692 1444 3738 Luc.
1468 3693 1666 3738 Puduoe.
1683 3716 1736 3725 —
1757 3705 1800 3738 c.
1823 3692 1938 3738 Luc.
1960 3697 2162 3738 voverat
2185 3697 2347 3737 mater
2365 3694 2491 3748 ejus.

359 3785 411 3795 -
442 3764 488 3808 d.
527 3763 661 3808 Paris
698 3776 789 3809 om.
830 3765 953 3819 fore.
986 3787 1039 3796 —
1072 3777 1113 3809 e.
1150 3763 1266 3808 Luc.
1303 3776 1534 3809 reversus
1588 3765 1654 3809 ad
1693 3765 1862 3808 locum
1901 3764 2187 3809 sanitatem.
2225 3787 2278 3796 —
2307 3764 2342 3818 f.
2374 3762 2488 3808 Luc.

364 3833 603 3880 iterando.
623 3858 675 3868 —
704 3848 753 3890 11.
779 3835 886 3880 Alc.
923 3835 1002 3880 286
1035 3835 1250 3881 corium.
1275 3859 1327 3868 -
1352 3837 1400 3879 h.
1421 3836 1526 3880 Alc.
1551 3836 1632 3881 ‘236
1654 3835 1821 3881 sibico,
1846 3858 1898 3868 -
1931 3836 1963 3879 i.
1987 3835 2124 3884 Luc..
2155 3835 2267 3880 Pad.
2289 3838 2335 3878 et
2360 3835 2494 3879 Paris

366 3903 687 3950 immortalia.
724 3929 778 3937 —
803 3906 846 3959 j.
874 3906 1012 3949 Ainsi
1038 3918 1124 3962 que
1159 3919 1273 3949 nous
1310 3908 1479 3949 l'avons
1512 3906 1612 3959 ‹ic-ja
1631 3907 1711 3953 dit.
1749 3908 1790 3950 le
1830 3906 1920 3950 ΜΒ.
1948 3907 2003 3950 de
2039 3906 2246 3949 Luem-ne
2277 3907 2494 3949 intercute

366 3974 419 4017 ici
436 3977 477 4018 le
494 3977 676 4020 mii-acle
701 3977 759 4020 de
784 3977 1138 4031 Nassinguerm,
1157 3976 1297 4020 relati·
1328 3976 1691 4032 preci-‹lemment
1710 3978 1823 4020 dans
1847 3982 1973 4021 notre
1998 3982 2116 4021 texte
2140 3978 2224 4032 (V.
2252 3990 2400 4032 supra.
2426 3978 2492 4027 31,

368 4056 431 4087 11⁶·
454 4048 620 4103 46-49).
651 4048 806 4102 Qunnt
828 4060 883 4091 uu
912 4048 1002 4091 ms.
1030 4048 1143 4092 Pad.
1170 4048 1236 4099 74.
1264 4049 1296 4092 il
1321 4048 1471 4091 insere
1496 4049 1553 4091 ici
1585 4050 1812 4103 plusieurs
1838 4047 1972 4092 recita
1996 4049 2051 4091 de
2082 4049 2293 4103 prodigos
2326 4050 2400 4104 qui
2434 4049 2495 4091 lui

367 4120 463 4159 sont
487 4130 670 4173 propt-es
694 4122 848 4174 etque
869 4120 958 4162 l'on
987 4122 1193 4162 trouvern
1213 4119 1239 4161 εὶ
1260 4120 1536 4174 l'appendice
1559 4120 1853 4174 (Additions
1876 4121 1944 4163 du
1971 4120 2065 4163 Me.
2095 4120 2150 4163 74
2176 4121 2238 4163 de
2263 4120 2495 4164 Padoue:

368 4188 483 4231 Add.
508 4189 627 4243 ΙΙΙ).
666 4212 721 4222 -
762 4189 811 4233 h.
838 4189 973 4233 Poris
1004 4190 1251 4234 Dominus
1293 4190 1592 4245 majestatis.
1622 4213 1674 4223 -
1713 4190 1744 4233 1.
1770 4191 1874 4235 Alc.
1900 4190 1980 4237 286
2014 4194 2062 4234 et
2107 4190 2241 4233 Paris
2272 4191 2495 4235 devotio-

368 4258 515 4304 ribus.
551 4283 603 4293 -
625 4272 696 4306 m.
740 4260 855 4305 Luc.
881 4260 1194 4317 excipienda.
1229 4280 1283 4294 —·
1322 4274 1373 4306 π.
1407 4262 1515 4305 Alc.
1549 4262 1631 4306 28ss
1662 4265 1709 4305 et
1751 4261 1882 4306 Paris
1906 4262 2118 4307 adicere.
2142 4285 2195 4294 —
2219 4276 2264 4306 0.
2288 4263 2390 4306 Alc.
2415 4262 2496 4307 280

370 4331 597 4377 remittes.
624 4332 761 4377 Paris
785 4332 1137 4378 abnuentibus.

2384 4438 2412 4482 8
