3109 4950
621 436 747 503 100
1081 456 1139 502 S.
1194 455 1482 503 Aru-own
1532 456 1856 503 Leonum
1905 455 2148 518 PnfflA,
2199 437 2284 504 35

1372 852 1493 911 35.
1527 853 1635 910 De
1665 851 1894 911 mutis
1919 859 1969 909 ἃ.

708 1145 769 1209 1.
809 1140 1351 1209 Bartholomaeus
1391 1140 1668 1232 quidam
1700 1140 1783 1209 de
1824 1140 2029 1208 Plebe
2060 1140 2254 1209 Saeei
2282 1141 2329 1221 ¹,
2361 1163 2568 1230 quum
2605 1149 2752 1209 toto

613 1247 776 1317 vitae
845 1272 987 1316 suae
1052 1258 1356 1339 tempore
1414 1259 1645 1316 mutus
1699 1248 2085 1317 exstitisset
2143 1271 2246 1334 ac,
2302 1246 2473 1338 per⁶
2530 1271 2750 1315 annos

612 1355 1153 1446 quatuordecim,
1195 1366 1340 1424 toto
1381 1379 1664 1447 corpore
1702 1355 2009 1447 paralysi
2049 1355 2419 1434 resolutuS,
2464 1354 2534 1422 in
2573 1356 2750 1423 lecto

616 1462 873 1531 doloris
916 1464 1022 1531 sui
1053 1463 1315 1555 jugiter
1352 1463 1770 1544 volveretur,
1804 1460 2080 1531 tandem
2123 1462 2209 1530 ad
2248 1462 2432 1531 beati
2471 1461 2690 1553 patris
2722 1475 2750 1505 ⁶

618 1569 901 1638 Antonii
941 1570 1326 1661 sepulerum
1368 1570 1639 1638 delatus
1661 1569 1722 1651 ⁴²,
1768 1569 1994 1638 soluta
2020 1568 2256 1661 lingua
2298 1569 2749 1637 confitebatur

620 1675 911 1745 Domino
950 1688 1043 1760 et,
1087 1677 1201 1769 qui
1240 1675 1445 1745 dorso
1492 1688 1734 1746 vectus
1777 1677 2176 1757 advenerat,
2220 1675 2520 1767 propriis
2558 1674 2752 1767 pedi·
2799 1669 2804 1676 ⁴

615 1783 745 1851 bus
787 1782 1058 1852 domum
1088 1783 1523 1853 recedebate.

703 1894 771 1959 2.
816 1890 1115 1960 Mulier!
1164 1890 1502 1982 quaedam,
1556 1891 1829 1959 nomine
1876 1890 2324 1972 Michelotas',
2369 1914 2576 1982 quum
2629 1914 2750 1981 per

615 2021 834 2067 annos
865 1998 1177 2066 undecim
1216 2003 1403 2067 muta
1444 2009 1511 2067 et
1565 1998 2036 2067 nihilomnino
2074 1998 2362 2089 loquens
2400 1997 2750 2088 perstitis-

618 2115 748 2187 set,
808 2105 1021 2173 totius
1080 2104 1387 2196 corporis
1418 2105 1753 2195 insuperh
1789 2103 2055 2174 viribus
2097 2105 2428 2173 destituta
2465 2104 2754 2196 lang-ue-

616 2212 759 2280 hat.
806 2215 871 2281 3.
927 2213 1123 2300 Quae,
1167 2236 1374 2303 quum
1425 2211 1598 2280 mira
1650 2235 1801 2305 quae
1840 2236 1964 2303 per
2013 2211 2331 2281 servumi
2369 2210 2494 2279 Dei
2533 2211 2753 2279 Anto-

618 2318 804 2386 nium
834 2319 1090 2388 fiebant
1128 2317 1534 2401 audivisset,
1579 2317 1666 2386 ad
1709 2319 1856 2410 ejus
1898 2342 1972 2386 se
2016 2318 2349 2387 tumulum
2400 2317 2750 2407 deportari

615 2425 822 2495 fecit!
857 2449 872 2509 3
914 2426 1031 2496 ubi
1082 2449 1313 2518 quum,
1370 2426 1523 2494 susa
1563 2424 1871 2495 oratione
1912 2424 2163 2515 cordiS,
2209 2426 2557 2518 paululum
2589 2448 2749 2518 per-

615 2533 1014 2616 mansisset,
1047 2534 1333 2625 loquens
1373 2533 1490 2601 et*
1527 2557 1700 2602 sana
1729 2532 2074 2602 discessit.

704 2643 768 2709 4.
814 2640 940 2711 Vir
987 2640 1263 2732 quidam
1290 2643 1312 2684 ἱ
1365 2639 1449 2709 de
1490 2645 1665 2709 Foro
1708 2640 1937 2729 Julii2‚
1982 2664 2190 2732 quum
2243 2663 2318 2708 se
2357 2640 2578 2709 ossicio
2618 2639 2752 2707 lin-

616 2760 833 2838 guaem
858 2746 1202 2838 privatum
1233 2747 1614 2839 gemuisset
1630 2760 1691 2834 ¹²,
1720 2746 1927 2816 ductu
1956 2748 2199 2816 matris
2231 2770 2375 2815 suae
2402 2746 2486 2815 ad
2518 2769 2752 2815 arcam

614 2854 797 2922 beati
856 2854 1138 2922 Antonii
1194 2853 1532 2945 pervenit.
1587 2853 1748 2943 Qui,
1802 2853 1961 2922 dum
1987 2868 2016 2897 ⁰
2085 2877 2315 2923 coram
2363 2854 2625 2922 tumulo
2676 2853 2752 2921 in

614 2961 923 3029 oratione
963 2959 1254 3030 devotus
1286 2960 1717 3052 persisteret,
1752 2959 1868 3029 diu
1897 2960 2235 3053 perditam
2264 2960 2752 3053 recuperavit?

611 3067 974 3160 loquelam.

665 3303 710 3335 a.
737 3290 870 3335 Paris
893 3291 965 3335 De
988 3291 1146 3337 mutis
1171 3292 1378 3337 curatis.
1410 3314 1466 3325 —
1503 3292 1547 3338 b.
1585 3291 1699 3338 Luc.
1739 3304 1828 3337 om.
1865 3303 1973 3348 per.
1998 3314 2052 3325 —-
2076 3304 2119 3337 c.
2148 3291 2262 3337 Luc.
2288 3304 2378 3338 om.
2401 3292 2580 3349 patris.
2613 3314 2669 3325 —
2697 3292 2748 3337 d.

613 3361 747 3406 Paris
770 3363 835 3407 ad
858 3362 1153 3419 sepulcrum
1191 3363 1320 3408 beati
1355 3364 1519 3420 patris
1547 3364 1762 3409 delatus.
1784 3387 1840 3397 —
1866 3375 1908 3408 e.
1937 3363 2006 3407 Le
2035 3366 2154 3408 texte
2182 3364 2414 3408 d'Ancone
2450 3376 2476 3408 ι
2517 3364 2749 3417 beaucoup

612 3434 668 3477 de
706 3434 1042 3478 ressemblance
1082 3447 1192 3479 avec
1230 3436 1271 3478 le
1308 3438 1451 3479 notre.
1494 3435 1535 3479 11
1573 3439 1696 3479 omet
1731 3435 1969 3479 toutefois:
2001 3436 2055 3479 in
2084 3435 2210 3480 lecto
2234 3434 2424 3480 doloris
2451 3434 2534 3479 sui
2556 3434 2755 3490 jugiter

609 3505 908 3550 volveretur.
925 3529 978 3538 —
993 3505 1029 3561 Ῑ.
1050 3505 1164 3551 Luc.
1184 3506 1418 3561 Siquam.
1436 3506 1637 3551 Mulier.
1651 3530 1704 3539 —
1722 3519 1770 3562 9.
1788 3506 1920 3559 Luc„
1939 3505 2069 3559 Pad„
2087 3506 2221 3551 Paris
2237 3507 2504 3551 Michelola
2525 3506 2748 3550 nomine.

610 3577 727 3622 Anc.
749 3577 800 3620 Μ
808 3576 1036 3622 icholela.
1061 3600 1114 3610 -
1137 3578 1185 3622 h.
1210 3576 1341 3631 Luc„
1368 3577 1498 3631 Pad„
1525 3577 1659 3622 Paris
1684 3578 1895 3634 insuper
1907 3577 2151 3634 corporis.
2177 3601 2230 3611 -
2251 3579 2282 3623 i.
2299 3577 2431 3629 Luc„
2454 3577 2568 3621 Pad.
2590 3588 2750 3621 sanc-

611 3649 735 3693 tum.
760 3648 874 3703 -j.
900 3648 1035 3693 Paris
1069 3648 1136 3694 ad
1172 3647 1282 3703 ejvs
1311 3648 1610 3704 sepulcrum
1643 3649 1840 3704 portari
1877 3661 1931 3693 se
1970 3649 2106 3704 fecit.
2146 3673 2201 3682 -
2244 3649 2290 3694 k.
2317 3649 2450 3692 Paris
2473 3660 2562 3692 om.
2587 3651 2651 3693 et.
2694 3670 2750 3680 —-

609 3717 641 3762 1.
668 3717 783 3763 Luc.
812 3719 1046 3775 Siquam.
1078 3718 1171 3764 Vir
1192 3720 1418 3775 quidam.
1434 3743 1487 3753 -
1504 3731 1570 3764 m.
1595 3720 1708 3765 Pad.
1730 3720 1915 3775 linquae
1932 3720 2119 3776 officio.
2136 3744 2189 3753 —
2212 3733 2261 3765 n.
2280 3721 2382 3765 Alc.
2399 3719 2750 3776 Qffiqemisset.

609 3788 723 3835 Luc.
748 3790 1003 3836 sensisset.
1024 3813 1077 3824 -
1099 3803 1145 3836 o.
1172 3791 1306 3836 Paris
1328 3802 1505 3847 quum.
1529 3815 1584 3824 -
1603 3803 1657 3848 p.
1686 3792 1792 3837 Ale.
1814 3792 1895 3837 286
1918 3796 1965 3836 et
1987 3792 2100 3838 Pad.
2136 3791 2426 3849 reportavit.

667 3990 714 4038 1.
741 3986 906 4039 Piove
954 3988 1016 4040 di
1043 3988 1234 4053 Sacco,
1278 3991 1449 4055 petite
1479 3988 1608 4041 ville
1637 3990 1670 4041 a
1697 4003 1805 4041 une
1834 3991 2127 4056 quinzaine
2171 3990 2240 4042 de
2284 3990 2627 4053 kilometreS,
2668 4004 2744 4043 au

603 4067 850 4128 sud-est,
881 4067 951 4119 de
982 4069 1225 4122 Padoue.

667 4151 713 4198 2.
746 4149 999 4201 Cividale
1044 4152 1134 4202 del
1161 4151 1360 4213 Friuli,
1391 4152 1625 4203 l’ancien
1668 4152 1870 4205 Forum
1907 4153 2059 4215 Julii,
2098 4154 2192 4219 qui
2233 4152 2330 4213 fut,
2362 4150 2614 4216 pendant
2640 4151 2747 4205 des

606 4230 821 4293 siecleS,
869 4230 926 4281 la
979 4231 1261 4285 residence
1316 4232 1415 4283 des
1472 4233 1610 4284 duos
1664 4231 1734 4283 de
1789 4232 2157 4296 Lombardie3
2217 4234 2250 4283 a
2305 4236 2365 4283 16
2416 4231 2751 4283 kilometres

606 4310 862 4361 d'Udiue.
