3109 4950
956 432 1014 479 s,
1068 431 1357 478 Auronn
1406 431 1732 479 Lac-mm
1783 430 2026 491 eamn,
2077 412 2119 479 3
2517 412 2601 479 27

467 595 673 641 carne
714 571 1172 662 corruptionis
1211 571 1534 651 motibus,
1571 595 1645 639 se
1686 581 1938 662 praeter
1984 569 2260 638 solitum
2317 571 2603 639 sentiret

464 680 699 748 illicite
729 678 1110 770 perurgeri,
1168 678 1648 747 adolescentiae
1681 686 1750 745 et
1795 677 2132 771 voluptati
2175 700 2602 769 nequaquam

468 786 659 854 frena
725 786 1031 866 laxavit;
1100 785 1249 871 sed,
1312 785 1712 877 fragilitatis
1771 786 2082 853 humanae
2147 784 2604 854 conditionem

469 892 991 972 transcendens,
1061 892 1398 961 currentis
1475 916 1627 960 cum
1701 893 1957 983 impetu
2033 892 2602 982 concupiscentiae

472 1001 768 1069 carnalis
827 1001 1134 1069 habenas
1190 1000 1490 1069 strinxit.
1553 1004 1621 1069 3.
1680 1005 1966 1091 Jamque
2025 998 2318 1066 mundus
2377 999 2602 1090 quoti-

470 1107 696 1177 dianis
735 1109 795 1176 ei
834 1108 1218 1198 desipiebat
1242 1122 1273 1152 ⁰
1314 1108 1755 1176 incrementis
1786 1117 1855 1176 et
1884 1130 2084 1198 quem
2125 1129 2257 1173 non
2297 1105 2492 1196 plene
2531 1105 2601 1174 in

471 1215 756 1284 introitu
781 1215 808 1258 ⁶
846 1217 995 1306 ejus
1036 1226 1360 1305 posuerat
1399 1214 1687 1283 retraxit
1723 1214 1990 1305 pedem,
2024 1213 2273 1282 timens
2314 1237 2397 1281 ne
2429 1213 2601 1281 sorte

472 1323 532 1390 ei
570 1322 798 1413 pulvis
848 1333 1139 1390 terrenae
1188 1322 1536 1390 felicitatis
1577 1322 2011 1413 aliquatenus
2051 1320 2441 1399 inhaereret,
2485 1321 2599 1411 qui

468 1430 767 1498 currenti
794 1429 1122 1498 velociter
1146 1428 1371 1497 animo
1402 1429 1471 1497 in
1514 1429 1629 1496 via
1663 1428 1787 1496 Dei
1815 1441 1842 1471 ⁶
1888 1426 2367 1496 offendiculum
2399 1450 2595 1519 gene-

467 1547 679 1605 raret.

556 1647 622 1711 4.
668 1646 797 1712 Est
835 1653 1086 1725 autem,
1124 1644 1319 1734 juxta
1362 1642 1671 1710 eamdem
1708 1665 1913 1734 quam
1951 1641 2394 1733 praediximus
2434 1641 2603 1709 civi-

470 1762 709 1829 tatem,
764 1750 1254 1818 monasterium
1285 1750 1628 1841 quoddam
1664 1750 1749 1817 de
1779 1750 2015 1816 ordine
2057 1749 2278 1816 sancti
2319 1751 2600 1839 Augus-

467 1858 619 1943 tini,
677 1857 865 1927 nond
906 1857 1110 1949 longe
1150 1881 1189 1925 a
1230 1857 1570 1924 moenibus
1629 1856 1924 1935 distam,
1975 1857 2045 1923 in
2090 1879 2223 1947 quo
2273 1855 2405 1923 viri
2446 1854 2603 1923 reli-

469 1965 674 2056 gione
712 1964 953 2032 famosi
995 1965 1064 2032 in
1105 1964 1436 2034 Canonici
1491 1963 1831 2055 regularis
1871 1963 2106 2031 habitu
2149 1966 2292 2031 Deo
2319 1976 2345 2006 ⁶
2384 1963 2603 2030 famu-

465 2072 765 2139 lantur¹.
822 2076 886 2140 5.
945 2072 1053 2138 Ad
1113 2071 1289 2139 hunc
1338 2069 1632 2161 denique
1688 2071 1910 2139 locum
1967 2071 2078 2137 vir
2131 2070 2281 2143 Dei.
2348 2069 2601 2161 spretis

468 2178 702 2246 mundi
730 2177 1327 2256 oblectationibus,
1363 2201 1438 2245 se
1476 2178 1832 2245 transtulit
1860 2189 1929 2245 et
1958 2177 2288 2248 Canonici
2327 2176 2604 2269 regula-

466 2285 564 2353 ris
628 2285 935 2352 habitum
992 2285 1228 2352 humili
1278 2284 1641 2353 devotione
1695 2285 2022 2376 suscepit.
2082 2288 2147 2353 6.
2204 2285 2338 2353 Ubi
2389 2308 2601 2375 quum

468 2392 670 2459 annis
728 2391 994 2459 sermef
1047 2391 1316 2460 duobus
1372 2401 1832 2460 commoratus
1881 2392 2388 2483 frequentiam&
2431 2392 2603 2459 ami-

466 2523 697 2568 corum
772 2499 905 2590 piis
978 2500 1323 2568 mentibus
1398 2500 1847 2568 sustinuisset
1920 2500 2373 2591 importunam
2401 2499 2458 2580 '‘‚
2525 2510 2601 2566 ut

464 2631 732 2674 omnem
814 2607 946 2675 sibi
1027 2607 1565 2698 perturbationis
1642 2606 2097 2698 ejuscemodii
2173 2608 2600 2674 occasionem

462 2715 759 2793 tolleret,
796 2714 1022 2782 natale
1063 2714 1307 2795 solum,
1337 2715 1518 2805 quod
1550 2713 1637 2782 ad
1664 2715 2137 2782 enervandosJ'
2185 2713 2421 2780 viriles
2453 2713 2599 2780 ani-

463 2845 611 2889 mos
670 2845 806 2888 non
865 2821 1297 2890 mediocriter
1362 2831 1593 2912 potest
1620 2821 1676 2902 ἢ,
1749 2820 2218 2912 derelinquere
2303 2820 2595 2900 statuit;

463 2939 829 3020 quatenuS,
863 2929 1068 2996 alieni
1088 2929 1373 3022 aggeris
1402 2930 1628 2997 littore
1651 2938 1942 3006 tutatuS‚
1977 2927 2264 2996 Domino
2302 2927 2600 3018 quietius

466 3035 760 3106 militare
799 3045 1057 3126 posset.
1105 3040 1167 3106 7.
1215 3036 1517 3106 Obtenta
1579 3036 1830 3128 igiturl
1869 3035 1986 3103 vix
2028 3036 2346 3126 precibus
2392 3059 2599 3125 supe-

466 3143 672 3212 rioris
728 3142 1025 3226 licentia,
1082 3168 1216 3212 non
1257 3144 1565 3212 ordinem
1615 3143 1738 3211 sed
1777 3143 1998 3212 locum
2055 3142 2346 3210 mutavit
2398 3151 2464 3209 et
2513 3141 2598 3209 ad

518 3397 563 3429 a.
588 3384 699 3429 Pul.
719 3384 1015 3441 decipiebat.
1033 3408 1086 3419 -
1115 3386 1156 3429 b.
1185 3386 1290 3430 Ale.
1315 3387 1395 3431 286
1421 3398 1549 3442 pene
1571 3385 1798 3430 introitu.
1815 3408 1868 3417 —
1887 3396 1930 3429 e.
1954 3384 2088 3428 Paris
2115 3384 2331 3429 Domini.
2350 3407 2401 3417 —
2417 3384 2465 3428 d.
2493 3384 2598 3429 Ale.

466 3457 561 3510 293,
589 3456 721 3509 Luc„
753 3455 886 3499 Puris
915 3457 1053 3501 haud
1076 3480 1128 3489 —
1157 3470 1197 3500 e.
1224 3457 1357 3501 Paris
1392 3456 1625 3502 Domino.
1659 3480 1712 3489 —
1737 3457 1772 3513 r.
1796 3457 1930 3500 Paris
1952 3456 2074 3510 sere.
2098 3480 2153 3489 —
2178 3468 2226 3512 9.
2256 3457 2359 3500 Alc.
2390 3458 2468 3502 286
2493 3456 2600 3511 fre-

465 3527 691 3582 quentia.
724 3551 779 3560 —
827 3528 879 3572 h.
919 3528 1023 3571 Alc.
1057 3529 1138 3573 286
1166 3528 1624 3585 importunitatem.
1675 3527 1791 3572 Luc.
1837 3527 2142 3584 importune.
2175 3550 2228 3559 —-
2262 3527 2294 3571 i.
2339 3527 2472 3572 Paris
2508 3540 2598 3572 om.

465 3598 792 3653 effuscemodi.
834 3620 888 3630 —
906 3598 950 3654 J'.
977 3599 1082 3644 Alc.
1111 3600 1192 3645 286
1216 3600 1516 3644 rimandos.
1546 3621 1599 3633 —-
1629 3599 1676 3644 k.
1706 3599 1839 3643 Paris
1863 3611 1952 3643 om.
1979 3600 2113 3654 quod
2145 3600 2211 3644 ad
2235 3600 2599 3644 enervandas...

465 3673 637 3723 potest.
662 3692 716 3702 —
746 3670 778 3714 l.
810 3669 945 3714 Paris
969 3681 1101 3726 erqo.

526 3888 570 3934 1.
602 3885 682 3937 Ce
724 3886 1061 3944 monastere,
1110 3885 1270 3937 dedic
1298 3887 1344 3937 a·
1362 3889 1509 3937 saint
1538 3888 1792 3949 vincent,
1834 3888 1986 3937 avait
2017 3890 2103 3938 ete
2134 3887 2316 3944 fonde.
2363 3902 2431 3939 en
2458 3891 2597 3950 1147,

466 3979 566 4030 par
593 3965 885 4030 Alphonse
914 3966 999 4015 1·‘.
1030 3965 1226 4017 C'etait
1250 3981 1358 4018 une
1388 3968 1600 4018 maison
1628 3969 1804 4031 filiole
1824 3967 1892 4018 de
1916 3968 2298 4019 Sainte-Croix
2320 3968 2388 4018 de
2411 3968 2597 4018 Coi'm-

466 4045 580 4107 bre,
605 4045 732 4097 d'ou
763 4047 975 4097 etaient
1001 4060 1177 4098 venus
1202 4061 1291 4097 ses
1318 4049 1586 4112 premiers
1616 4049 1898 4111 religieux.
1929 4075 1992 4085 —
2025 4050 2159 4100 Voir
2185 4049 2324 4099 dans
2355 4050 2434 4098 les
2461 4049 2597 4099 Por-

470 4127 712 4191 tngalliae
742 4130 1096 4178 monumenta
1125 4126 1412 4190 historica,
1447 4129 1482 4177 t.
1515 4129 1560 4188 1,
1587 4142 1640 4193 p.
1671 4134 1844 4189 90-95,
1869 4128 2218 4179 l’Indiculam
2247 4128 2596 4192 fundationis

468 4205 793 4257 monasterii
818 4207 1005 4258 sancti
1054 4205 1343 4269 Viucentt'ae',
1384 4208 1478 4272 qui
1507 4208 1688 4260 donne
1731 4222 1824 4259 sur
1874 4222 1964 4260 ses
2015 4209 2257 4272 origiues
2309 4207 2593 4259 d’interes-

467 4288 619 4336 santa
648 4284 872 4338 details
