3109 4950
540 406 631 474 46
1001 429 1060 476 S.
1115 429 1407 476 am'onn
1455 429 1778 478 Laesum
1828 432 2070 494 pann,
2127 414 2207 480 12

540 564 724 656 quia,
748 590 956 658 quum
977 580 1006 613 ¹¹
1037 569 1457 660 corpulentia
1486 570 1781 662 quadam
1819 572 2115 640 naturali
2145 596 2432 664 pressus
2463 575 2669 643 conti·

539 673 720 741 nuab
781 676 1233 765 aegrotatione
1314 678 1660 746 laboraret
1690 707 1741 758 c,
1819 690 2103 769 propter
2167 679 2670 772 infatigabilem

535 790 764 848 tamen
787 782 1167 850 animarum
1194 784 1434 862 zelum,
1468 784 1930 876 praedicand0‚
1964 785 2270 854 docendo
2294 787 2351 875 d,
2401 789 2669 856 conses-

536 888 767 955 siones
821 888 1186 971 audiendo,
1240 916 1458 984 usque
1514 892 1603 960 ad
1658 892 1825 960 solis
1883 916 2201 961 occasum
2240 917 2444 985 quam
2486 920 2669 987 saepe

526 994 806 1086 jejunus
845 999 1362 1087 perseverabat.

537 1417 652 1477 12.
713 1417 817 1474 De
863 1413 1381 1485 persecutione
1427 1416 1715 1475 diaboli
1772 1418 1848 1475 et
1897 1418 1988 1476 de
2044 1417 2410 1478 miraculo
2469 1419 2663 1479 lucis

651 1527 876 1586 quam
904 1514 1102 1573 vidit
1132 1520 1180 1573 Θ.

618 1810 679 1875 1.
736 1808 993 1873 Verum
1049 1805 1207 1896 quia
1263 1804 1541 1873 virtutis
1578 1803 1606 1859 Γ
1650 1803 1961 1885 aemuluS‚
2031 1805 2255 1875 hostis
2307 1806 2656 1898 antiquus,

529 1914 728 1982 bonis
773 1912 1095 2003 operibus
1143 1912 1421 1979 obviare
1466 1935 1600 1980 non
1640 1923 1895 1994 cessat,
1931 1912 2172 1982 volens
2215 1913 2338 1980 Dei
2382 1937 2657 1981 servum

525 2021 899 2089 Antonium
929 2043 968 2087 a
999 2019 1352 2111 proposito
1402 2019 1646 2087 salutis
1685 2019 2056 2097 inflectere,
2115 2022 2468 2088 nocturnis
2509 2044 2660 2088 eum

517 2127 951 2196 illusionibus
1013 2126 1394 2194 lascescere
1458 2126 1851 2217 satagebat.
1909 2130 1973 2194 2.
2043 2131 2211 2195 Rem
2260 2150 2466 2195 narro
2523 2150 2657 2194 non

518 2236 771 2313 fictam,
818 2233 940 2301 sed
980 2258 1103 2324 per
1142 2233 1367 2324 ipsum
1411 2232 1536 2300 Dei
1579 2243 1893 2301 sanctum
1918 2246 1974 2315 9,
2022 2234 2181 2301 dum
2213 2234 2436 2302 adhuc
2462 2235 2655 2302 vive-

520 2352 650 2414 ret.
696 2341 982 2408 fratrum
1025 2339 1291 2407 cuidam
1339 2341 1710 2408 revelatam
1737 2344 1794 2410 h.
1840 2342 2065 2429 Quum
2095 2352 2292 2409 nocte
2332 2341 2651 2432 quadam,

520 2447 588 2515 in
605 2446 939 2538 principio
961 2446 1582 2539 quadragesimalis
1611 2470 1813 2539 quam
1829 2447 2094 2539 praesati
2111 2472 2348 2517 sumus
2372 2472 2651 2539 occupa·

522 2555 730 2623 tionis
762 2554 801 2633 ³,
830 2554 1227 2623 fatiscentes
1251 2556 1483 2622 artusi
1516 2555 1737 2622 somni
1755 2555 2085 2623 beneficio
2108 2567 2473 2634 recrearet,
2500 2580 2653 2625 ccce

521 2662 834 2730 diabolus
861 2672 1099 2753 guttur
1128 2662 1259 2729 viri
1287 2662 1410 2729 Dei
1440 2685 1652 2730 ausus
1678 2673 1785 2729 est
1798 2663 2133 2732 violenter
2152 2663 2595 2754 comprimere
2623 2663 2652 2707 ¹³

521 2793 599 2836 ac
652 2792 968 2859 pressum
1035 2769 1228 2836 nisus
1287 2780 1395 2836 est
1456 2769 1814 2837 suffocare.
1878 2774 1944 2838 3.
2003 2771 2096 2838 At
2142 2770 2280 2848 ille,
2336 2771 2653 2838 invocato

519 2876 840 2967 gloriosae
879 2875 1175 2966 virginis
1210 2876 1502 2957 nomine,
1545 2877 1753 2944 fronti
1794 2876 2069 2967 signum
2108 2877 2397 2946 vivificae
2431 2876 2652 2944 crucis

517 2982 892 3075 impressit,
927 2983 1298 3073 fugatoque
1338 2982 1614 3050 humani
1656 2984 1932 3074 generis
1959 2984 2253 3066 inimico,
2291 2984 2651 3052 confestim

515 3091 826 3158 levamen
851 3089 1093 3157 sensit.
1124 3092 1189 3157 4.
1216 3089 1601 3181 Quumque,
1644 3091 2019 3180 fugientem
2041 3114 2319 3158 cernere
2339 3091 2646 3181 cupienS‚

517 3197 749 3264 oculos
801 3195 1210 3286 aperuisset,
1258 3220 1412 3263 ecce
1458 3206 1604 3264 tota
1653 3196 1721 3264 in
1761 3220 1896 3288 qua
1931 3198 2205 3287 jacebat
2245 3198 2451 3265 cellal
2500 3196 2650 3265 luce

517 3304 785 3371 coelitus
824 3303 1168 3370 illustrata
1206 3303 1552 3394 fulgebat3
1585 3304 1766 3394 quod
1797 3305 2112 3371 nimirum
2142 3305 2368 3372 lumen
2398 3304 2648 3371 divinae

515 3410 795 3479 virtutis
871 3410 1279 3479 auctoritate
1354 3410 1539 3477 cellae
1614 3410 1932 3501 illapsum
2006 3410 2373 3491 credimus,
2452 3411 2646 3500 cujus

516 3518 748 3585 radios
781 3518 956 3584 ferre
978 3529 1030 3560 ἠ
1070 3541 1203 3584 non
1244 3518 1618 3599 sustinens,
1655 3518 2092 3586 tenebrarum
2123 3517 2343 3587 cultor
2373 3516 2646 3585 recede-

515 3626 636 3693 bat
660 3637 694 3668 η
734 3625 1083 3693 confusus,

563 3881 611 3913 a.
635 3867 768 3918 Luc„
801 3867 931 3918 Paci..
959 3867 1092 3912 Paris
1113 3868 1183 3913 ad.
1208 3869 1371 3912 homo.
1396 3890 1449 3900 —
1487 3867 1530 3912 b.
1563 3868 1667 3912 Alc.
1694 3868 1789 3920 286,
1813 3868 1919 3913 Alc.
1939 3869 2036 3921 293,
2062 3868 2173 3913 Pad.
2195 3868 2267 3912 ad.
2289 3866 2648 3913 nihilominus.

507 3963 561 3973 —
590 3951 632 3985 c.
666 3939 780 3983 Luc.
814 3940 1052 3984 continue
1076 3940 1411 3984 nihilominus
1440 3944 1702 3995 aeyrotans.
1728 3962 1781 3972 —
1810 3940 1858 3984 d.
1889 3940 1999 3983 Alc.
2024 3941 2104 3986 293
2131 3952 2220 3984 om.
2242 3940 2482 3984 docendo.
2510 3938 2648 3982 Paris

509 4012 581 4056 ad.
631 4014 694 4055 et.
722 4034 775 4044 -
818 4023 859 4056 e.
893 4011 1027 4054 Paris
1060 4013 1201 4065 Quod
1236 4011 1466 4055 diabotus
1502 4011 1757 4055 nitebatur
1789 4011 2038 4067 impedire
2065 4010 2480 4067 praedicationem
2515 4009 2645 4064 ejus.

507 4106 562 4117 —
593 4083 628 4138 f.
662 4082 794 4125 Paris
822 4083 1086 4126 virtutum.
1119 4104 1174 4116 —
1204 4095 1250 4137 9.
1285 4082 1417 4126 Paris
1447 4094 1654 4130 servum
1699 4081 1804 4127 Dei.
1838 4105 1891 4114 —
1933 4084 1981 4127 h.
2012 4083 2117 4127 Alc.
2147 4081 2226 4127 286
2255 4082 2547 4126 revelatum.
2593 4103 2648 4113 —

510 4155 543 4198 i.
577 4152 691 4198 Luc.
714 4153 1113 4209 quadragesima:
1140 4152 1659 4209 praesatiqantissimia
1704 4153 2138 4210 occupationibus.
2187 4176 2240 4186 -
2278 4152 2319 4208 j.
2360 4154 2465 4196 Alc.
2493 4153 2575 4198 286
2592 4162 2641 4197 et

508 4225 615 4270 Ale.
639 4226 721 4270 ‘293
757 4227 948 4270 arctus.
978 4248 1031 4258 —
1062 4225 1106 4269 h.
1141 4225 1255 4270 Luc.
1290 4225 1593 4281 opprimere.
1622 4248 1675 4258 -
1708 4225 1740 4269 1.
1772 4223 1891 4269 Luc.
1932 4228 2034 4269 tota
2065 4225 2191 4269 cella
2216 4224 2269 4268 in
2303 4223 2644 4279 quajacebat.

512 4296 647 4341 Paris
668 4299 765 4342 tota
790 4296 877 4342 itta
900 4298 1025 4341 cella
1051 4296 1101 4340 in
1122 4309 1219 4352 qua
1234 4297 1450 4352 jacebat.
1480 4318 1532 4330 —
1562 4307 1631 4341 m.
1663 4296 1796 4341 Paris
1815 4309 1904 4341 om.
1925 4297 2074 4351 [erre.
2104 4318 2157 4329 —
2183 4307 2235 4341 τι.
2267 4295 2397 4340 Paris
2417 4294 2644 4341 recessit.
