3109 4950
622 416 750 488 212
977 441 1035 485 s,
1089 438 1377 484 AN‘ronn
1427 438 1747 485 Leonam.
1800 444 1834 481 «
1888 437 2308 484 asmomms
2353 443 2385 479 >2

1626 818 1740 919 ὃ,

712 1136 772 1201 1.
828 1132 952 1219 Ibi,
1027 1132 1135 1200 die
1203 1143 1565 1224 noctuque,
1643 1130 2069 1199 orationibus
2138 1130 2432 1198 vacabat
2496 1131 2567 1197 in
2634 1130 2750 1196 illa

620 1240 813 1321 cella,
875 1264 1052 1307 nunc
1117 1239 1566 1331 supplicando
1622 1238 1827 1330 patri,
1881 1261 2059 1305 nunc
2104 1236 2600 1328 interpellando
2646 1238 2748 1326 ju-

617 1347 777 1433 dici,
821 1357 1061 1438 postea
1109 1346 1552 1438 colloquendo
1592 1345 1835 1432 amim,
1887 1368 1968 1412 ac
2017 1344 2221 1412 etiam
2270 1368 2392 1434 pro
2441 1354 2747 1435 peceato-

620 1455 809 1523 ribus
841 1464 910 1521 et
937 1454 1281 1521 universis
1322 1453 1585 1523 Christi
1625 1452 1940 1519 fidelibus
1971 1451 2344 1519 instantius
2375 1450 2743 1518 exorando,

618 1564 684 1629 2.
731 1560 833 1628 Ibi
885 1584 1123 1651 nempe
1169 1561 1365 1627 visus
1425 1570 1532 1627 est
1592 1559 1889 1627 insultus
1947 1568 2014 1625 et
2077 1557 2553 1625 infestationes
2618 1557 2747 1624 dae-

618 1691 892 1735 monum
944 1667 1337 1736 multotiens
1394 1667 1684 1759 perpeti,
1739 1665 1853 1758 qui
1910 1664 2355 1733 intendebant
2420 1688 2572 1732 eum
2626 1688 2750 1755 pro

618 1798 823 1866 posse
899 1798 939 1842 a
998 1786 1237 1843 sancto
1293 1774 1626 1843 orationis
1686 1772 1913 1841 studio
1968 1771 2392 1864 perturbare.

1628 2157 1754 2256 ,42

714 2508 769 2573 1.
824 2505 1298 2574 Guardianum
1337 2528 1577 2595 nempe
1626 2528 1823 2572 suum
1871 2504 2158 2595 supplex
2196 2503 2462 2572 adierat
2508 2515 2578 2572 et
2623 2528 2749 2596 pro

618 2635 870 2702 magna
921 2611 1149 2701 gratia
1199 2611 1329 2679 sibi
1386 2622 1818 2703 poposcerat,
1868 2611 2051 2703 quia,
2108 2621 2184 2678 ut
2233 2611 2599 2692 fatebatur,
2660 2610 2749 2678 ad

618 2719 784 2787 nihil
850 2717 1032 2786 aliud
1088 2719 1431 2809 proficuus
1489 2729 1638 2786 erat
1676 2719 1809 2785 nisi
1876 2741 1999 2809 pro
2063 2717 2380 2785 lavandis
2436 2717 2749 2809 coquinae

613 2824 1029 2893 utensilibus
1087 2835 1156 2892 et
1229 2824 1598 2916 scopandis
1667 2825 1952 2892 fratrum
2035 2824 2337 2915 quotidie
2398 2823 2744 2904 domibuS‚

615 2943 816 3022 prout
880 2931 1175 2999 faciebat
1222 2931 1566 2999 humiliter
1606 2942 1672 3000 et
1719 2931 1989 3011 devote,
2058 2954 2266 3022 quum
2318 2931 2388 2998 in
2451 2931 2750 2999 veritate

615 3039 788 3106 soret
824 3061 952 3106 vas
992 3038 1278 3106 electum
1332 3048 1400 3106 et
1454 3038 1676 3106 sancti
1735 3038 2030 3130 Spiritus
2086 3038 2311 3128 gratia
2352 3037 2750 3105 multimode

616 3145 1043 3213 adornatum.
1115 3149 1179 3212 2.
1252 3148 1484 3236 Neque
1550 3144 1728 3212 enim
1791 3155 2204 3235 putaverant
2271 3144 2521 3212 fratres
2593 3169 2749 3212 eum

614 3251 983 3344 quidquam
1023 3251 1106 3319 de
1147 3251 1505 3342 scripturis
1545 3275 1752 3320 nosse
1791 3251 2070 3332 divinis,
2105 3251 2232 3319 hoe
2270 3261 2535 3319 tantum
2577 3275 2747 3343 prae·

615 3358 1023 3450 sumptionis
1104 3357 1435 3449 suffragio
1504 3357 1923 3426 confidentes
2001 3357 2181 3449 quod
2252 3357 2512 3426 seilicet
2587 3382 2746 3426 raro

679 3647 724 3694 1.
761 3643 996 3709 Indique
1028 3656 1239 3694 comme
1268 3644 1586 3708 s'adaptant
1601 3657 1672 3693 au
1704 3644 1877 3694 meme
1907 3644 2156 3707 chapitre
2189 3642 2259 3693 de
2292 3644 2346 3693 la
2371 3643 2607 3708 legenda
2634 3644 2747 3709 pri-

609 3737 698 3774 ma
718 3739 737 3773 .·
778 3724 1053 3791 Quomodo
1082 3723 1233 3774 venie
1261 3724 1640 3775 Romaniolom
1671 3727 1723 3773 et
1760 3725 2001 3787 qualiter
2030 3723 2228 3774 ibidem
2273 3723 2434 3784 vixit,
2465 3724 2634 3788 apres
2665 3724 2744 3775 les

608 3804 990 3870 paragr-aphes
1030 3805 1123 3867 qui
1161 3816 1300 3854 nous
1342 3805 1618 3854 montrent
1651 3804 1891 3854 Antoine
1929 3804 2138 3863 vivant,
2179 3816 2246 3852 en
2291 3801 2436 3852 demi
2474 3803 2744 3864 somnii-e,

608 3884 666 3934 in
695 3888 891 3950 crypta
921 3883 1181 3949 quadam.
1215 3885 1302 3947 (V.
1336 3897 1532 3948 supra:
1567 3883 1696 3948 Leg.
1721 3884 1923 3948 prima,
1955 3888 2002 3945 7,
2035 3893 2110 3932 n··
2139 3883 2261 3945 6-8.)

666 3967 712 4013 2.
751 3963 826 4014 Le
851 3964 1124 4026 fragment
1150 3965 1194 4013 11
1242 3977 1300 4014 se
1331 3967 1594 4029 rapporte
1642 3977 1713 4012 au
1762 3963 2011 4027 chapitre
2055 3963 2123 4013 de
2169 3962 2221 4012 la
2251 3962 2487 4026 legenda
2511 3963 2742 4027 prima:

606 4043 857 4110 Qualiter
875 4045 1109 4095 scientia
1132 4044 1286 4094 inlus
1312 4044 1587 4107 fratribus
1613 4043 1870 4104 innotuit,
1889 4043 2009 4106 (Ms.
2032 4044 2190 4093 Paris
2212 4055 2224 4091 :
2249 4043 2327 4094 De
2344 4043 2530 4108 pn’ma
2544 4043 2748 4108 μικταὶ·

604 4125 826 4175 catione
848 4123 1005 4186 eius).
1040 4125 1085 4174 ΙΙ
1117 4127 1202 4174 est
1223 4127 1453 4188 mai-que
1484 4137 1696 4174 comme
1727 4123 1930 4174 devant
1958 4136 2018 4173 se
2048 4123 2148 4173 lire
2170 4125 2332 4189 apres
2363 4123 2444 4174 les
2470 4136 2744 4188 passages

604 4204 697 4267 qui
729 4204 964 4254 relatent
996 4207 1271 4254 comment
1303 4204 1354 4254 le
1386 4205 1532 4254 saint
1563 4208 1716 4267 recut
1756 4203 1953 4254 l'ordre
2002 4203 2071 4254 de
2123 4203 2354 4269 precher
2401 4203 2610 4254 devant
2660 4204 2741 4254 les

602 4284 906 4335 ordinands
931 4284 1117 4335 reunis
1145 4285 1179 4334 a
1209 4284 1374 4335 Forli.
1404 4283 1489 4348 (V.
1516 4295 1722 4349 supra:
1751 4282 1881 4350 Leg.
1902 4284 2107 4349 prima,
2138 4288 2187 4347 8,
2213 4292 2290 4333 n··
2321 4285 2439 4349 1-6).
