3109 4950
549 397 676 464 104
1008 419 1068 466 s,
1120 419 1410 465 Amonn
1459 419 1779 466 Lem-:nm
1831 419 2074 482 rrum,
2127 402 2216 468 39

1062 849 1183 910 39.
1224 851 1330 908 De
1359 849 1679 910 mortuis
1710 851 2133 911 suscitatis.

638 1143 698 1209 1.
746 1143 824 1208 In
855 1140 1180 1209 comitatu
1212 1139 1461 1210 Paduae
1485 1154 1516 1185 α
1548 1151 1698 1209 erat
1727 1142 1953 1232 puella
1983 1141 2321 1233 quaedam,
2367 1143 2627 1211 Eurilia
2649 1144 2676 1188 ὂ

546 1247 840 1328 nomine,
885 1271 1060 1339 quae,
1118 1257 1437 1315 euntem⁶
1488 1247 1575 1315 ad
1624 1247 1896 1315 domum
1959 1248 2261 1317 vicinaed
2313 1272 2437 1340 pro
2492 1274 2676 1341 quae·

545 1355 757 1423 rendo
796 1354 1005 1445 ignee
1045 1355 1394 1423 matrems
1424 1380 1506 1423 ex
1538 1379 1724 1423 more
1765 1366 2025 1433 secuta,
2070 1355 2397 1425 redeunte
2437 1381 2516 1425 ea
2555 1357 2678 1425 do-

544 1486 751 1544 mum,
795 1463 865 1528 in
915 1462 1105 1529 fossa
1157 1461 1477 1553 quadarn,
1531 1486 1710 1553 aqua
1778 1472 1847 1530 et
1895 1463 2038 1530 luto
2103 1464 2328 1554 plena,
2374 1464 2679 1554 supino&

542 1570 738 1637 vultu
777 1579 1024 1637 natans
1051 1570 1109 1651 h,
1142 1569 1419 1637 inventa
1460 1580 1569 1638 est
1599 1580 1892 1638 mortua.
1929 1573 1994 1638 2.
2030 1570 2418 1639 Accurrens
2449 1571 2679 1663 itaque

546 1674 976 1768 gemebunda
1014 1687 1233 1745 mater
1263 1677 1691 1745 submersam
1729 1677 1937 1744 filiam
1977 1676 2060 1744 de
2100 1677 2251 1745 lacu
2283 1679 2299 1722 ῑ
2338 1678 2545 1746 traxit
2584 1690 2674 1759 et,

545 1783 1028 1853 advolantibus
1078 1784 1208 1853 obJ'
1250 1784 1500 1852 triste*
1556 1784 2020 1874 spectaculum
2077 1784 2338 1864 multiS‚
2402 1785 2473 1851 in
2532 1785 2683 1878 ripa

545 1892 751 1959 fossae
792 1890 1194 1959 suffocatam
1234 1890 1509 1958 locavit.
1544 1894 1612 1960 3.
1658 1891 1882 1977 Quam
1913 1914 2119 1981 quum
2144 1891 2251 1958 vir
2282 1891 2557 1982 quidam
2597 1891 2681 1960 de

548 1998 1152 2066 circumstantibus
1213 1998 1398 2066 letali
1446 1998 1743 2089 frigore‘
1784 1997 2080 2089 rigidam
2149 2008 2675 2080 contrectasset,

545 2128 751 2172 verso
799 2103 887 2172 ad
944 2115 1197 2172 terram
1260 2104 1505 2195 capite,
1560 2104 1773 2193 pedes
1833 2104 1982 2195 ejus
2042 2128 2248 2195 super
2294 2104 2560 2174 discum
2608 2106 2680 2175 in

547 2211 758 2279 altum
788 2210 1090 2292 levavit3
1137 2210 1258 2278 sed
1299 2234 1421 2278 nec
1461 2211 1560 2278 sic
1601 2209 1872 2301 quidem
1900 2222 2047 2279 erat
2084 2236 2242 2293 vox,
2282 2236 2498 2303 neque
2530 2238 2677 2281 sen·

549 2342 695 2400 sue,
738 2319 919 2408 quia,
957 2317 1437 2408 compressis''¹
1481 2341 1669 2384 more
1709 2317 2181 2386 defunctorum
2220 2320 2419 2411 genis
2461 2345 2541 2389 ac
2578 2321 2682 2388 la-

545 2425 680 2495 biis
703 2425 986 2516 junctiS,
1022 2447 1182 2515 spes
1221 2424 1443 2492 omnis
1475 2424 1721 2493 salutis
1762 2424 2224 2495 abscesserat.
2268 2430 2333 2496 4.
2373 2429 2680 2496 Tandem

545 2530 837 2598 sollicita
894 2542 1136 2609 mater,
1189 2542 1421 2600 votum
1474 2556 1736 2601 vovens
1801 2532 2090 2600 Domino
2147 2558 2225 2602 ac
2279 2559 2482 2603 servo
2531 2536 2681 2625 ejus

542 2638 793 2706 beaten
826 2639 1148 2717 Antonin,
1196 2639 1510 2729 promisit
1550 2663 1625 2706 se
1662 2639 1976 2707 iconem⁰
2018 2665 2281 2709 ceream
2322 2642 2410 2709 ad
2449 2653 2676 2710 tumu-

467 2728 489 2748 ’
543 2745 681 2813 lum
711 2744 930 2836 ipsius
957 2746 1335 2814 delaturam
1357 2760 1419 2825 Ρ,
1455 2747 1513 2813 si
1544 2758 1773 2815 natam
1806 2747 1936 2815 sibi
1967 2749 2329 2816 restituere
2360 2748 2677 2842 dignare-

544 2865 658 2920 tur
685 2853 936 2921 vivam.
982 2857 1047 2923 5.
1093 2856 1299 2921 Facto
1349 2864 1577 2921 autem
1616 2864 1801 2933 vom,
1845 2876 2001 2920 mox
2037 2855 2430 2923 videntibus
2476 2880 2681 2924 cunc-

547 2960 666 3031 tis.
709 2959 891 3028 labia
928 2960 1140 3028 movit
1178 2969 1269 3039 et,
1320 2961 1632 3028 immisso
1671 2961 1772 3027 ori
1812 2962 1961 3052 ejus
2002 2962 2378 3052 cujuspiam
2429 2963 2676 3053 digito,

548 3090 765 3158 aquas
796 3067 1083 3134 haustas
1115 3066 1343 3135 emisit
1382 3077 1446 3134 et
1470 3081 1524 3146 ⁹,
1561 3091 1681 3157 per
1714 3069 1933 3136 sancti
1965 3068 2182 3158 patris
2215 3069 2455 3137 merita
2485 3069 2680 3137 vitali

548 3174 738 3240 fota'*
774 3173 1023 3253 calore,
1066 3174 1336 3242 revixit.

637 3284 703 3350 6.
747 3281 979 3349 Simile
1020 3280 1317 3371 aliquid⁸
1369 3281 1659 3373 contigit
1689 3281 1759 3349 in
1797 3282 2075 3350 civitate
2114 3281 2199 3349 de
2231 3283 2603 3374 Comaglo‘
2625 3284 2674 3350 ¹.

600 3518 644 3549 a.
677 3505 808 3550 Paris
845 3506 1103 3549 Paduano.
1129 3528 1181 3537 —-
1220 3505 1263 3550 b.
1298 3505 1410 3549 Pad.
1447 3505 1674 3551 Cirvilia.
1712 3506 1828 3550 Anc.
1855 3508 1978 3550 omet
2014 3507 2056 3549 le
2093 3518 2213 3551 nom.
2239 3530 2292 3538 —
2329 3519 2371 3551 c.
2401 3507 2504 3551 Alc.
2529 3507 2609 3551 286
2634 3508 2684 3551 et

548 3577 662 3621 Luc.
701 3579 864 3620 eunte.
901 3600 955 3609 —
992 3578 1040 3621 d.
1077 3576 1190 3620 Luc.
1232 3577 1445 3621 viciniae.
1484 3601 1536 3609 —
1576 3589 1618 3621 e.
1646 3577 1760 3621 Luc.
1802 3577 1985 3632 iqnem.
2023 3601 2077 3609 —
2112 3577 2150 3633 Ῑ.
2177 3578 2278 3621 Alc.
2307 3578 2389 3622 286
2424 3581 2601 3622 matre.
2626 3602 2684 3611 -—

544 3659 589 3703 9.
620 3647 731 3691 Luc.
757 3659 1049 3703 suppremo.
1070 3671 1123 3679 -
1147 3648 1197 3693 h.
1226 3647 1337 3691 Luc.
1364 3660 1453 3691 om.
1476 3650 1676 3692 natans.
1693 3671 1745 3680 —
1771 3648 1803 3692 i.
1830 3648 1964 3691 Paris
1988 3648 2050 3692 de
2076 3648 2191 3692 lacu
2217 3648 2394 3704 filiam.
2411 3648 2522 3704 —J'.
2549 3649 2684 3694 Paris

544 3718 756 3763 (ιώ-ὴ.
779 3718 893 3762 Luc.
918 3718 1108 3763 stricte.
1125 3743 1177 3751 -
1195 3719 1227 3763 1.
1254 3719 1387 3762 Paris
1412 3718 1628 3773 fraqore.
1645 3730 1782 3763 —m.
1810 3720 1911 3764 Alc..
1934 3720 2028 3771 286,
2055 3719 2168 3763 Luc.
2196 3724 2243 3764 ct
2268 3720 2378 3764 Pad.
2405 3721 2682 3775 oppressis.

543 3812 597 3822 —-
631 3802 681 3833 n.
708 3790 821 3835 Luc.
847 3803 935 3835 om.
964 3791 1119 3835 beato.
1149 3814 1202 3823 --
1239 3803 1282 3834 o.
1315 3791 1418 3835 Alc.
1456 3792 1536 3835 ‘286
1573 3794 1619 3834 ct
1659 3790 1790 3835 Paris
1836 3802 2069 3846 yconam.
2105 3791 2219 3836 Luc.
2259 3788 2515 3847 yconiam.
2564 3791 2684 3837 Pad.

543 3861 782 3907 iconiam.
807 3886 860 3894 —-
881 3874 931 3917 p.
963 3862 1074 3907 Luc.
1099 3861 1383 3907 delaturam
1403 3863 1469 3905 ad
1490 3861 1652 3918 ipsius
1675 3862 1947 3907 tumulum.
1964 3886 2016 3895 —-
2040 3874 2087 3917 q.
2108 3862 2220 3906 Luc.
2243 3876 2331 3906 om.
2349 3866 2411 3907 et.
2428 3887 2480 3895 -
2506 3874 2548 3906 r.
2574 3864 2679 3908 Alc.

544 3935 624 3979 ‘286
648 3936 768 3991 fata.
786 3957 839 3965 —
862 3947 902 3978 s.
927 3933 1059 3977 Paris
1081 3934 1342 3989 quiddam.
1366 3957 1416 3964 —
1438 3937 1471 3977 t.
1495 3932 1629 3978 Paris
1654 3934 1913 3989 Comoyro.
1940 3935 2053 3979 Ano.
2080 3936 2128 3977 et
2152 3933 2374 3987 Dialogus
2399 3934 2652 3979 comaclo.

608 4134 653 4182 1.
687 4130 837 4181 C’est
866 4130 1466 4193 vraisemblablement,
1496 4144 1708 4181 comme
1738 4130 1788 4180 le
1828 4144 2067 4195 propose
2098 4130 2149 4181 le
2179 4130 2316 4181 Pcre
2340 4131 2474 4181 Josa
2499 4130 2679 4196 (Leg.,

545 4215 673 4271 etc..
708 4225 762 4276 p.
794 4217 873 4271 59,
906 4213 1074 4273 note),
1112 4211 1454 4273 Comae-chio,
1494 4212 1665 4276 petite
1696 4210 1825 4261 ville
1851 4210 1920 4261 de
1945 4209 1999 4259 la
2028 4210 2290 4275 province
2320 4209 2389 4260 de
2420 4211 2679 4276 Ferrato,

547 4291 685 4342 dans
717 4291 796 4343 les
840 4289 983 4343 Valli
1021 4291 1082 4344 di
1112 4292 1451 4357 Comacchw,
1481 4305 1577 4345 sur
1607 4291 1687 4346 les
1713 4290 1883 4344 bords
1910 4290 1977 4345 de
2008 4289 2392 4359 l'Adriatique.
