3109 4950
715 496 774 541 S.
829 495 1117 542 Ani-omn
1167 493 1491 543 mesum
1541 500 1576 538 «
1619 495 2041 542 asumma-AS
2085 500 2118 537 »
2350 472 2480 543 227

349 634 635 704 timebat
672 658 913 726 nempe
962 634 1188 703 mariti
1230 634 1776 726 indignationem
1823 634 2193 715 incurrere,
2260 633 2320 702 si
2358 632 2484 702 do-

346 766 531 809 mum
592 741 847 810 fuisset
901 766 1178 811 reversa
1235 742 1551 811 vestibus
1611 741 2014 832 inquinatis.
2073 743 2182 810 20.
2243 739 2483 808 Adfuit

348 849 615 917 mulieri
675 849 979 939 praefatae
1028 848 1385 917 confestim
1439 850 1660 917 sancti
1713 848 2188 940 patrocinium.
2233 848 2485 917 Mirum

349 966 532 1024 certe
565 961 579 1023 Ξ
619 956 904 1025 Intactis
950 955 1289 1035 vestibuS,
1324 955 1593 1024 demum
1635 956 1888 1024 munda
1930 979 1972 1023 a
2008 955 2168 1023 luto·
2195 978 2484 1046 progre-

350 1062 573 1143 diens,
617 1063 885 1131 cunctis
932 1061 1047 1154 qui
1102 1063 1387 1131 aderant
1434 1072 1503 1131 et
1548 1063 1770 1154 ipsius
1817 1085 2051 1129 casum
2110 1085 2482 1153 conspexe-

353 1180 508 1238 rant
585 1169 1087 1238 admirantibus
1160 1173 1511 1262 Deumque
1585 1192 1666 1238 ac
1736 1179 2047 1237 sanctum
2110 1168 2484 1237 Antonium

353 1277 626 1367 magnis
685 1277 1049 1367 praeconiis
1114 1276 1623 1353 extollentibus,
1680 1277 1838 1345 laeta
1907 1275 2185 1344 nimium
2242 1276 2483 1344 mulier

355 1384 441 1451 ad
480 1384 699 1452 locum
740 1383 1249 1474 praedicationis
1288 1384 1604 1475 pervenit
1628 1386 1674 1453 ¹.

440 1494 553 1559 21.
599 1490 754 1558 Alia
793 1490 1107 1582 quaedam
1146 1491 1395 1560 devota
1436 1491 1678 1559 mulier
1709 1478 2316 1572 Paduana,⁴virum
2356 1489 2484 1558 Dei

355 1598 543 1666 foras
573 1608 931 1666 exeuntem
969 1598 1057 1666 ad
1089 1598 1563 1666 seminandum
1594 1598 1720 1666 Dei
1747 1599 2033 1666 verbum
2074 1597 2268 1689 sequi
2306 1595 2482 1664 desi-

352 1704 631 1791 derans,
678 1728 717 1771 a
755 1704 907 1771 viro
947 1728 1071 1772 suo
1118 1715 1282 1773 tuno
1328 1705 1697 1797 languente
1740 1703 2108 1795 prohibita,
2153 1703 2485 1772 remansit

352 1815 505 1896 [147
533 1811 578 1880 b
614 1815 672 1893 1]
711 1811 894 1879 domi
933 1811 1219 1879 tristitia
1256 1811 1626 1880 tabefacta.
1662 1815 1771 1880 22.
1806 1814 2002 1900 Quae,
2036 1810 2484 1879 deambulans

350 1920 417 1986 in
462 1918 717 1987 solario
769 1918 1013 1986 domus
1057 1942 1225 1997 suae,
1268 1942 1391 2011 per
1441 1919 1838 2000 fenestram,
1882 1942 2033 2010 quae
2089 1929 2484 2009 competens

347 2025 717 2095 videbatur
752 2048 1000 2094 versus
1038 2026 1316 2117 plagam
1354 2026 1470 2095 ubi
1509 2025 1746 2094 eadem
1785 2024 1953 2094 hora
1992 2036 2275 2093 sanctus
2306 2048 2487 2115 prae-

351 2132 654 2209 dicabat,
709 2132 958 2200 devota
1027 2133 1232 2223 coepit
1280 2132 1662 2224 adspicere,
1717 2142 1793 2199 ut
1852 2132 2184 2223 adspectu
2238 2132 2483 2199 saltem

352 2239 661 2331 regionis
714 2238 1049 2330 gauderet
1088 2240 1284 2330 cujus
1338 2239 1471 2307 sibi
1524 2239 1745 2307 fuerat
1793 2238 2024 2307 aditus
2068 2237 2478 2328 denegatus.

351 2348 462 2413 23.
521 2345 839 2414 Mirabile
889 2345 1127 2413 valde!
1186 2348 1364 2413 Dum
1415 2347 1516 2414 sic
1557 2345 1800 2415 mulier
1860 2369 2201 2436 suspensa
2257 2356 2486 2413 mente

353 2452 753 2544 respiceret,
789 2451 1041 2534 subito,
1075 2452 1259 2521 illius
1297 2462 1623 2545 operante
1652 2452 1908 2521 virtute
1939 2452 2055 2545 qui
2094 2452 2339 2521 solitus
2376 2462 2485 2521 est

343 2561 537 2651 justa
570 2560 914 2629 desideria
958 2560 1355 2652 adimplere,
1391 2561 1611 2629 sancti
1648 2585 1784 2629 vox
1819 2559 2259 2652 praedicantis
2298 2559 2482 2628 auri-

350 2668 481 2735 bus
538 2668 690 2759 ejus
740 2668 1070 2735 insonuit.
1114 2671 1222 2736 24.
1269 2668 1485 2758 Cujus
1551 2668 1724 2735 mira
1781 2667 2126 2735 suavitate
2176 2666 2481 2752 detenta,

350 2798 560 2866 quum
627 2775 697 2841 in
762 2775 1064 2843 fenestra
1125 2798 1385 2842 moram
1451 2775 1912 2860 contraheret,
1969 2773 2351 2867 increpanti
2408 2797 2484 2841 se

348 2882 501 2950 viro
559 2905 643 2949 ex
709 2881 836 2950 hoc
902 2881 1032 2950 sub
1092 2881 1214 2950 tali
1282 2882 1721 2950 excusatione
1782 2880 2187 2973 respondit:
2258 2880 2484 2950 Audio

349 2998 618 3078 patrem
675 2988 1046 3057 Antonium
1106 2987 1615 3078 praedicantem.
1668 2992 1776 3057 25.
1823 2991 2048 3077 Quam
2103 3010 2309 3079 quum
2372 2987 2486 3056 ille

350 3095 568 3163 verbo
607 3105 677 3163 et
706 3095 931 3163 animo
971 3095 1228 3186 pariter
1271 3095 1637 3176 derideret,
1671 3095 1759 3163 ad
1806 3095 1940 3163 duo
1981 3094 2296 3163 milliaria
2334 3094 2488 3186 qui-

352 3201 484 3269 bus
516 3202 828 3270 distabat
856 3202 1365 3293 praedicationis
1395 3202 1586 3271 locus
1615 3225 1852 3270 vocem
1882 3201 2178 3270 hominis
2209 3201 2430 3269 audiri
2451 3214 2484 3246 ‘²

354 3332 494 3376 non
549 3332 757 3399 posse
816 3320 1240 3390 contestans,
1301 3309 1416 3378 illa
1480 3333 1648 3377 vero
1715 3309 2093 3377 affirmante
2146 3307 2326 3401 quod
2388 3309 2485 3376 ita

355 3426 569 3496 esset,
604 3426 674 3483 et
710 3416 859 3506 ipse
897 3415 1209 3484 ascendit
1246 3415 1334 3484 ad
1373 3415 1679 3483 eamdem
1718 3416 2111 3494 fenestram,
2144 3426 2222 3484 ut
2250 3424 2488 3506 posset

355 3522 538 3614 quod
577 3546 749 3589 uxor
786 3523 969 3590 illius
1008 3522 1392 3590 affirmabat
1431 3523 1674 3590 melius
1718 3522 2033 3613 experiri.
2069 3525 2178 3591 26.
2218 3525 2322 3590 Ex
2353 3543 2486 3613 qua

356 3629 657 3720 quidem,
716 3629 980 3698 meritis
1039 3628 1261 3697 fidelis
1316 3629 1579 3710 uxoriS‚
1640 3639 1709 3697 et
1767 3628 1915 3719 ipse
1971 3652 2208 3697 vocem
2267 3627 2491 3696 sancti

412 3901 456 3934 a.
487 3890 633 3934 Texte
659 3888 856 3934 audire.

426 4111 473 4157 1.
512 4107 657 4158 Saus
677 4106 950 4171 quelques
973 4109 1116 4156 mols
1145 4106 1211 4155 ca
1237 4107 1293 4155 et
1322 4105 1395 4166 la,
1428 4105 1478 4155 le
1501 4107 1647 4156 texte
1676 4104 1750 4154 du
1772 4104 1906 4155 recit
1926 4103 2073 4155 dece
2102 4104 2327 4154 miracle
2353 4102 2495 4153 dans

359 4188 412 4239 le
444 4188 606 4239 Liber
636 4187 1029 4238 miraculorum
1061 4186 1137 4249 (η’
1160 4187 1241 4249 31)
1271 4188 1357 4235 est
1385 4185 1437 4236 le
1463 4187 1637 4235 meme
1663 4197 1771 4249 que
1791 4184 1931 4235 oelul
1964 4183 2034 4235 de
2057 4187 2214 4235 notre
2244 4183 2492 4246 legende.

364 4269 701 4329 seulement,
733 4281 804 4318 au
832 4266 1020 4328 debut,
1043 4267 1094 4317 le
1126 4265 1287 4316 Liber
1311 4279 1345 4315 a
1374 4266 1658 4330 supprime
1688 4265 1742 4315 la
1772 4266 2014 4316 mention
2039 4265 2296 4330 typique:
2323 4263 2496 4315 Prone

360 4349 496 4412 fllia,
512 4349 643 4414 ja-
671 4349 733 4400 ἰιι
759 4347 953 4399 adiu
979 4345 1296 4409 exsistente,
1330 4348 1568 4397 testante
1597 4345 1970 4410 cognosc-ilar.
