3109 4950
550 427 681 494 246
828 445 956 491 Las
1006 444 1316 492 souncns
1367 446 1454 492 nn
1502 424 1901 492 L‘msronm
1952 444 2400 491 mmmmm:

547 584 748 653 modo
791 609 1037 655 servus
1078 584 1206 653 Dei
1244 584 1512 654 dixerat
1544 609 1562 653 ε
1612 585 1805 655 Vade
1845 595 1915 654 et
1949 584 2199 672 vende,
2249 584 2360 653 vel
2400 584 2580 653 dona
2615 594 2684 653 et

549 691 916 761 donabitur
953 692 1077 760 tihi
1108 692 1185 777 [fb
1221 695 1303 761 10
1342 701 1452 777 r‘·'].

612 921 744 973 Puis
795 923 1056 974 viennent
1096 921 1240 973 deux
1282 924 1576 984 mentione,
1617 924 1727 975 sort
1767 923 1969 975 breves
2011 926 2068 975 et
2109 937 2353 990 presque
2396 924 2683 986 informeS,

549 1002 808 1053 relatives
851 1002 996 1055 l'unc
1023 1003 1056 1054 a
1083 1002 1348 1067 l'eirange
1388 1002 1618 1068 episode
1665 1004 1739 1055 du
1784 1003 2032 1069 crapaud
2081 1006 2227 1055 servi
2268 1018 2341 1055 au
2370 1021 2395 1050 α
2430 1004 2684 1055 thauma-

549 1086 708 1147 turge
735 1101 759 1131 n
790 1096 893 1148 par
938 1081 1037 1135 des
1082 1084 1396 1149 heretiques
1438 1087 1494 1135 et
1523 1083 2065 1136 merveilleusement
2105 1085 2321 1149 change
2349 1097 2418 1135 en
2461 1085 2684 1148 poulet;

548 1163 744 1214 l'autre
772 1176 845 1213 au
876 1162 1108 1227 prodige
1138 1162 1213 1215 du
1241 1176 1387 1214 coeur
1429 1162 1499 1215 de
1528 1163 1734 1215 l'avare
1775 1164 2072 1229 palpitant,
2116 1167 2283 1230 apres
2316 1179 2382 1217 sa
2421 1168 2581 1228 mort,
2612 1180 2686 1217 au

552 1243 736 1295 millen
762 1243 861 1294 des
885 1245 1050 1295 ecus:

643 1450 743 1517 De
789 1448 1065 1529 bufone,
1109 1471 1309 1540 quem
1338 1447 1641 1516 haeretici
1680 1459 2243 1539 praeparaverant
2282 1449 2415 1517 sihi
2455 1449 2690 1518 dicen-

550 1566 710 1624 tes:
773 1557 990 1625 Serva
1059 1555 1552 1648 evangelium:
1620 1554 1953 1623 comedite
2035 1580 2186 1647 quie
2251 1566 2693 1647 apponuntur

548 1662 749 1730 vobis
784 1664 845 1745 ¹3
902 1661 1016 1754 qui
1073 1662 1143 1729 in
1202 1686 1527 1754 caponem
1577 1686 1955 1731 conversus
2006 1673 2132 1732 est.
2193 1663 2511 1732 Usurarii
2570 1688 2695 1731 cor

552 1770 732 1837 inter
791 1768 1119 1860 pecunias
1175 1769 1529 1837 inventum
1597 1769 1685 1837 ad
1745 1780 2160 1862 praeceptum
2220 1770 2415 1860 ejus;
2480 1795 2693 1862 quum

551 1876 958 1968 praedicaret
995 1875 1065 1944 in
1095 1877 1328 1945 sunere
1367 1876 1518 1966 ejus
1559 1887 1626 1945 et
1655 1875 1914 1945 diceret
1946 1901 1963 1945 :
2003 1880 2318 1945 Mortuus
2349 1887 2457 1945 est
2488 1877 2690 1946 dives

554 1995 623 2052 et
675 1983 984 2074 sepultus
1032 1994 1138 2052 est
1188 1984 1258 2051 in
1310 1983 1600 2066 inferno,
1647 1983 1879 2075 plures
1927 1983 2269 2053 convertit
2304 1983 2393 2053 ad
2446 1985 2693 2054 Chris-

553 2099 700 2158 tum
731 2090 805 2174 [Ρ
838 2093 920 2160 10
950 2096 1059 2175 r⁰].

619 2340 728 2393 Ces
765 2340 1034 2407 quelques
1076 2340 1252 2405 lignes
1286 2343 1413 2392 sont
1451 2342 1732 2405 peut-etre
1762 2342 1814 2393 le
1843 2355 2086 2407 passage
2114 2339 2166 2391 le
2196 2340 2323 2405 plus
2354 2342 2689 2393 interessant

556 2422 625 2474 de
667 2421 723 2472 la
757 2421 1003 2486 legende.
1055 2420 1131 2471 Le
1174 2421 1405 2487 prodige
1451 2421 1524 2472 du
1571 2422 1819 2487 crapaud
1862 2422 2076 2487 change
2120 2434 2189 2472 en
2232 2421 2472 2487 chapon,
2500 2448 2564 2458 —
2593 2422 2687 2488 qui

556 2504 807 2568 reppello
838 2503 1049 2554 d'assez
1074 2503 1202 2568 pres
1233 2503 1312 2553 les
1343 2504 1819 2568 metamorphoses
1843 2502 1943 2555 des
1969 2505 2159 2554 contes
2182 2501 2252 2553 de
2282 2501 2415 2560 fece,
2444 2530 2507 2540 —
2534 2516 2603 2554 ne
2628 2516 2690 2554 se

556 2587 815 2646 trouvaii„
840 2597 909 2634 en
938 2584 1086 2648 erret,
1109 2584 1365 2650 jusqu'ici
1409 2586 1672 2649 rapporte
1702 2597 1805 2648 par
1843 2598 2023 2635 aucun
2063 2582 2380 2647 legendaire
2409 2585 2690 2634 anterieur

555 2666 590 2716 a
621 2664 970 2728 Barthelemy
999 2665 1070 2715 de
1098 2664 1228 2715 Pise
1244 2667 1286 2725 ³,
1316 2663 1499 2730 lequel
1534 2664 1771 2716 ecrivait
1796 2677 1924 2715 vers
1956 2669 2095 2715 1385.

620 2745 807 2805 Quant
840 2759 911 2795 au
952 2758 1098 2795 coeur
1134 2743 1203 2795 de
1242 2745 1465 2806 Favere,
1490 2747 1649 2796 outre
1674 2743 1725 2796 le
1752 2746 1927 2795 meme
1957 2744 2306 2808 Barthelerny
2333 2743 2402 2795 de
2434 2745 2562 2796 Pise
2577 2747 2620 2806 ³,
2652 2744 2690 2795 il

556 2826 765 2875 n’avait
815 2839 957 2890 pour
1007 2825 1283 2876 reference
1339 2825 1509 2876 ecrite
1553 2825 1725 2889 qu'un
1776 2838 1996 2876 sermon
2044 2838 2331 2888 anonyme,
2376 2824 2690 2889 longtemps

557 2905 817 2965 attribue,
848 2904 882 2954 ὰ
911 2909 1038 2966 cort,
1068 2907 1101 2956 ἐι
1131 2907 1278 2955 saint
1307 2905 1695 2957 Bonaventure
1712 2906 1752 2955 ⁴.
1785 2904 1865 2956 Ge
1892 2917 2135 2967 sermon,
2162 2904 2588 2970 probablement
2613 2905 2687 2955 du

559 2987 707 3036 xlv·
737 2985 921 3046 siecle,
952 2986 1244 3050 s'exprime
1275 2986 1450 3036 ainsi:

622 3065 740 3131 Ego
769 3079 935 3116 unum
964 3066 1220 3130 referam,
1251 3066 1394 3131 quod
1423 3067 1536 3132 legi
1565 3065 1746 3131 ipsum
1772 3066 1970 3129 fecisse
2010 3065 2067 3116 in
2102 3064 2238 3117 vila.
2271 3066 2416 3117 Dum
2444 3065 2590 3115 enim
2616 3065 2693 3116 ad

560 3143 847 3210 quemdam
892 3151 1165 3197 mortuum
1206 3151 1265 3196 ιιι
1286 3146 1619 3210 praedicaret
1663 3145 1933 3197 invitatus
1963 3160 1996 3196 a
2021 3146 2351 3211 parentibus
2391 3150 2557 3207 esset,
2590 3146 2692 3196 hoc

561 3226 620 3277 in
666 3227 848 3277 thema
886 3226 1211 3291 proposuit:
1244 3226 1347 3278 Ubi
1385 3229 1468 3277 esc
1510 3227 1805 3277 thesaurus
1850 3230 1995 3287 laus,
2026 3226 2105 3278 ibi
2132 3231 2216 3277 esc
2256 3230 2310 3276 ei
2351 3239 2449 3275 cor
2475 3229 2629 3276 luam
2644 3228 2689 3276 ⁵.

563 3307 773 3359 Deinde
795 3306 1018 3357 addidit
1042 3306 1201 3372 qnod,
1225 3319 1389 3372 qnam
1416 3311 1666 3357 mortuus
1695 3320 1805 3358 non
1832 3306 2007 3358 Deum
2027 3305 2126 3357 sed
2149 3320 2349 3358 aarum
2377 3310 2691 3368 amaverat,

563 3403 657 3437 cor
684 3387 858 3452 ipsius
889 3400 998 3437 non
1023 3391 1144 3438 erat
1167 3387 1224 3438 in
1248 3401 1327 3448 eo,
1348 3387 1447 3437 sed
1475 3400 1598 3437 cum
1626 3386 1765 3453 ipsis
1793 3386 2044 3438 denariis
2071 3387 2130 3438 in
2155 3386 2459 3453 marsupio.
2493 3389 2696 3453 Quum·

559 3482 660 3533 qne
685 3467 773 3518 illi
798 3467 1097 3532 diliqenter
1124 3467 1482 3533 inquirerent,
1510 3480 1619 3518 non
1649 3466 1707 3518 in
1736 3467 1876 3533 ipso,
1905 3465 2004 3518 sed
2027 3466 2087 3518 in
2114 3467 2234 3533 ipso
2263 3465 2566 3531 marsupio,
2595 3480 2697 3516 cor

561 3547 799 3599 hominis
830 3547 1174 3598 invenerunt.

615 3741 654 3787 1.
681 3741 824 3794 Lim„
848 3739 907 3794 X,
932 3741 974 3786 8.

612 3814 653 3858 2.
680 3812 873 3858 Bam-u.
900 3823 963 3857 ni:
990 3810 1128 3865 szss,
1156 3812 1431 3868 conform„
1459 3812 1538 3856 lib.
1571 3811 1609 3866 1,
1635 3812 1753 3856 cons.
1774 3811 1919 3867 v111,
1944 3812 2059 3868 part.
2084 3809 2136 3857 11
2162 3828 2173 3866 ;
2199 3810 2270 3856 ed.
2297 3810 2354 3855 de
2380 3809 2543 3866 Milan,
2572 3810 2697 3867 1510,

561 3885 597 3928 s·
619 3884 837 3930 LXVIII
863 3896 890 3926 a
911 3883 949 3928 1.

613 3958 654 4000 3.
681 3955 825 4008 Iam„
851 3955 889 3998 s⁰
913 3953 1100 3999 LXVII
1129 3967 1155 3997 a
1178 3955 1205 3997 2
1227 3964 1272 3998 et
1301 3955 1328 3998 b
1353 3954 1391 3999 1.

612 4027 652 4072 4.
681 4025 841 4071 Insere
864 4028 978 4070 dans
1013 4028 1054 4069 lu
1076 4026 1312 4070 collection
1346 4027 1600 4080 apocryphe
1632 4025 1714 4069 des
1735 4027 2006 4070 Sermones
2028 4026 2090 4070 dc
2114 4025 2306 4070 sanctie
2328 4027 2385 4069 de
2406 4023 2613 4069 l'edition
2638 4027 2698 4069 de

562 4098 688 4153 Lyon
712 4099 816 4144 1678
837 4099 890 4154 (ι.
917 4097 1014 4146 ΙΙΙ,
1037 4111 1080 4153 p.
1100 4098 1218 4152 260.)
1243 4096 1339 4142 Les
1366 4097 1506 4142 Pieres
1531 4099 1588 4141 de
1610 4097 1862 4152 Quamcchi
1892 4110 1943 4142 se
1976 4107 2081 4141 soni
2117 4094 2369 4153 prononces
2392 4106 2546 4141 contre
2574 4099 2696 4141 l'au-

559 4168 799 4215 theuticiie
823 4171 878 4212 de
910 4181 961 4212 ce
989 4181 1186 4218 sermon,
1220 4181 1306 4225 quo
1335 4169 1534 4212 carmina
1566 4169 1697 4224 pieux
1733 4169 2009 4224 biographes
2039 4169 2319 4218 continuem,
2345 4168 2495 4224 quand
2530 4168 2695 4223 meme,

562 4242 618 4286 de
642 4242 753 4285 citer
775 4252 948 4285 comme
971 4241 1029 4283 du
1057 4240 1326 4297 seraphique
1351 4240 1551 4285 docteur.

616 4315 658 4360 5.
690 4312 909 4366 Mum„
935 4311 1026 4365 Vl,
1049 4311 1116 4357 21.
