3109 4950
531 405 662 472 250
811 423 937 470 Lus
987 421 1297 469 souncss
1348 422 1434 469 ΒΕ
1483 401 1880 470 ιἨΙετοιειε
1932 424 2380 471 AN'roml-:NNE

528 563 838 633 ordinem
871 566 1184 632 Fratrum
1218 562 1563 632 Minoi-um
1600 563 2024 656 ingredienS,
2066 565 2279 631 verbo
2328 575 2395 632 et
2436 554 2661 632 exem-

527 671 640 762 plo
696 670 947 738 multos
1004 670 1092 737 ab
1148 693 1379 737 errore
1437 670 1808 738 revocavit.
1892 670 2347 739 Desiderahat
2411 672 2659 739 etiam¹

530 776 931 849 Sarracenis
975 775 1349 868 praedicare
1387 787 1455 845 et
1506 801 1590 844 ex
1636 777 1745 845 his
1786 759 2087 869 recipere
2117 778 2430 870 martyrii
2471 802 2662 847 coro·

529 907 709 953 nam.
746 886 1071 953 Sermone
1113 883 1448 951 facundus
1478 884 1607 953 fuit
1644 895 1713 954 et
1751 885 2002 953 multos
2038 885 2321 955 Christo
2353 886 2657 953 attraxit.

534 996 613 1061 ln
675 990 970 1083 quodam
1020 991 1317 1082 capitulo
1379 992 1667 1059 fratrum
1724 1014 2107 1059 sermonem
2157 992 2339 1071 feeit,
2390 993 2531 1069 ubi,
2582 1017 2661 1059 eo

533 1098 1057 1176 sermocinante,
1112 1108 1397 1166 sanctus
1438 1098 1850 1167 Franciseus
1891 1097 2157 1166 cuidam
2208 1099 2402 1167 fratri
2451 1123 2661 1189 appa-

531 1207 691 1283 ruit,
725 1216 1189 1297 congregatos
1226 1204 1665 1273 benedicens.
1725 1205 2089 1273 Paduanos
2146 1205 2547 1296 praedicavit
2593 1215 2662 1273 et

531 1314 781 1382 multos
808 1313 1167 1381 usurarios
1198 1311 1283 1380 ad
1327 1311 1824 1380 restituendum
1863 1311 2130 1380 induxit
2159 1337 2175 1391 ;
2210 1322 2277 1380 et
2320 1312 2537 1381 bonos
2567 1312 2662 1380 ibi

529 1444 881 1490 sermones
911 1419 1307 1510 compilavit
1325 1422 1376 1487 2.
1425 1421 1737 1499 Demum,
1781 1419 1962 1510 apud
2002 1419 2223 1487 locum
2262 1419 2375 1511 qui
2417 1419 2663 1487 dieitur

529 1528 787 1608 Cellae,
824 1527 892 1594 in
935 1526 1224 1595 Domino
1257 1526 1540 1617 quievit,
1598 1537 1668 1595 et
1695 1526 1853 1595 inde
1892 1525 1977 1594 ad
2010 1526 2368 1595 ecelesiam
2407 1536 2663 1594 sanctae

526 1634 769 1704 Mariae
826 1634 1166 1725 Virginis,
1214 1633 1330 1701 ubi
1374 1637 1653 1702 Fratres
1695 1633 2000 1702 Minores
2048 1644 2401 1702 morantur
2429 1645 2498 1702 et
2546 1633 2663 1702 ubi

536 1741 760 1809 nobile
808 1741 1298 1808 monasterium
1348 1750 1588 1808 saneto
1639 1741 2016 1808 consessori
2085 1752 2192 1808 est
2243 1740 2660 1827 inchoatum,

523 1849 961 1917 transfertur.
1010 1851 1086 1916 In
1144 1858 1359 1915 morte
1399 1847 1842 1927 constitutuS,
1887 1848 1948 1916 O
1998 1848 2302 1939 gloriosa
2346 1848 2661 1926 Domina,

530 1968 690 2037 eto.‚
727 1953 971 2023 devote
1011 1954 1080 2023 in
1122 1979 1238 2023 ore
1270 1954 1568 2023 habebat
1599 1965 1666 2023 et
1702 1955 1818 2022 uni
1857 1955 2143 2023 fratrum
2183 1953 2354 2022 dixit
2386 1978 2402 2020 ε
2445 1954 2664 2023 Video

532 2061 898 2132 Dominum
958 2085 1204 2129 meum.
1264 2063 1471 2129 Plura
1518 2061 1724 2129 etiam
1777 2070 1935 2152 post
1991 2072 2273 2128 mortem
2337 2061 2663 2129 miracula

531 2180 640 2238 est
676 2179 1025 2260 operatae,
1071 2168 1168 2237 ita
1219 2180 1295 2236 ut
1333 2191 1502 2258 puer
1540 2178 1609 2236 et
1653 2165 1902 2259 puella,
1945 2168 2016 2235 in
2055 2192 2234 2260 aqua
2287 2168 2653 2246 submersi,

533 2278 682 2368 ejus
723 2275 986 2344 meritis
1027 2275 1344 2343 suscitati
1383 2274 1731 2367 leguntur.

594 2475 682 2525 Un
724 2476 883 2525 autre
927 2472 1229 2524 manuscrit
1274 2470 1343 2523 de
1388 2471 1442 2521 la
1485 2470 1866 2537 bibliotheque
1898 2469 2232 2522 Barberini3
2280 2471 2525 2522 contient
2553 2485 2661 2521 une

530 2553 757 2620 le'gende
791 2553 859 2604 de
889 2554 1037 2604 saint
1084 2553 1321 2604 Anloine
1368 2552 1462 2618 qui
1509 2552 1720 2603 semble
1763 2554 1880 2603 etro
1921 2552 2073 2602 aussi
2102 2550 2172 2603 de
2201 2551 2552 2615 Barthelemy
2588 2551 2658 2601 de

527 2635 730 2686 Trente
751 2635 792 2685 ⁸.
828 2634 946 2685 Elle
975 2633 1177 2684 debute
1197 2636 1220 2669 5
1250 2646 1352 2698 par
1379 2645 1471 2683 ces
1499 2635 1661 2694 mots,
1692 2633 1787 2696 qui
1816 2645 1955 2683 nous
1999 2632 2243 2682 donnent
2267 2645 2375 2683 une
2404 2631 2662 2682 nouvelle

532 2717 588 2767 et
617 2715 724 2767 sort
746 2716 1146 2776 extravagante
1181 2713 1509 2778 etymologis
1537 2712 1612 2763 du
1642 2726 1767 2763 nom
1799 2712 2094 2763 d’AntOIne
2121 2727 2134 2763 :

595 2796 868 2846 Antonius
917 2794 1332 2844 commendatur
1359 2808 1375 2843 :
1407 2792 1594 2844 Primo
1629 2808 1663 2842 a
1694 2794 1944 2848 nomine:
1987 2806 2118 2843 nam
2144 2792 2417 2843 Antonias
2460 2793 2672 2844 dicitur

531 2877 602 2927 ab
635 2887 764 2936 AM,
791 2875 935 2940 qnod
964 2879 1048 2926 est
1079 2888 1322 2936 sursum,
1355 2874 1504 2939 quio,
1530 2886 1776 2938 superna
1808 2877 2014 2934 tenens,
2060 2873 2347 2924 mundana
2384 2874 2668 2938 despexit,-

531 2957 618 3006 vet
646 2957 756 3007 alce
788 2960 1005 3016 tonanS,
1037 2956 1166 3021 quia
1186 2956 1298 3006 alte
1325 2954 1565 3006 intonuit
1590 2968 1693 3020 per
1717 2955 2059 3019 profundam
2089 2957 2140 3004 ec
2162 2954 2436 3019 famosam
2460 2953 2666 3019 prandi-

533 3036 803 3087 catt'onem
827 3038 868 3086 ὅ.

598 3117 756 3167 Cette
781 3114 1033 3180 legende,
1063 3114 1135 3165 du
1167 3117 1332 3176 reste,
1355 3113 1544 3165 n’offre
1577 3127 1755 3164 aucun
1784 3115 1999 3165 loterel..
2026 3113 2105 3165 Ce
2132 3115 2270 3165 n'est
2293 3115 2459 3178 qu'un
2491 3128 2665 3164 rema·

539 3198 778 3247 nioment
811 3209 916 3261 pur
943 3198 998 3246 el.
1036 3195 1253 3260 simple,
1282 3194 1489 3260 parsois
1527 3196 1708 3244 meme
1736 3194 1770 3244 a
1800 3208 1907 3258 peu
1938 3195 2068 3258 pres
2098 3195 2320 3255 textuel,
2346 3193 2415 3245 de
2449 3194 2505 3244 la
2538 3194 2665 3244 Vita

534 3281 758 3328 anctore
791 3290 1065 3340 anonymo
1095 3274 1251 3327 valde
1287 3276 1514 3340 antiqno
1544 3275 1645 3326 des
1686 3273 2080 3337 BollandisteS,
2107 3274 2311 3339 (Julien
2349 3274 2418 3326 de
2461 3275 2664 3339 Spire).

589 3438 629 3483 1.
655 3437 750 3482 Les
773 3438 901 3482 Acta
927 3439 1041 3490 SS„
1065 3447 1143 3481 ont
1167 3436 1319 3481 enim.

585 3513 626 3554 2.
652 3508 746 3553 Les
764 3510 893 3554 Acta
919 3511 1031 3561 SS„
1054 3511 1244 3563 portent,
1268 3508 1292 3552 a
1314 3512 1416 3561 tort,
1443 3508 1597 3553 libros
1623 3510 1668 3552 et
1693 3517 1969 3553 sermones,

585 3585 627 3625 3.
656 3580 769 3627 Cod.
795 3579 1002 3633 XXXII,
1032 3580 1125 3634 109,
1149 3590 1326 3634 portant
1348 3582 1390 3624 la
1412 3580 1515 3624 date
1538 3580 1595 3623 de
1624 3579 1742 3623 1313.

583 3652 625 3698 la.
650 3651 719 3696 Le
754 3652 859 3696 titre
893 3651 952 3695 du
987 3651 1077 3695 Ms.
1101 3653 1174 3695 est
1199 3651 1330 3695 saux:
1352 3650 1385 3695 il
1413 3653 1539 3706 porte
1564 3648 1921 3695 Bartholomoei
1954 3649 2254 3702 Tridentini,
2275 3651 2385 3695 ord.
2412 3650 2668 3694 Praedica-

533 3727 717 3776 torum,
745 3722 873 3767 tiber
897 3721 1214 3779 epitoqorum
1241 3721 1292 3765 in
1316 3724 1454 3777 qesta
1476 3724 1790 3774 sanctorum,
1814 3721 1919 3765 bien
1939 3721 2051 3778 qu‘ss
2075 3722 2301 3765 renferme
2323 3722 2406 3766 des
2427 3721 2673 3776 Legendae

532 3798 831 3840 sanctorum
856 3792 1166 3838 abbreviatae.
1190 3791 1232 3837 ll
1261 3806 1311 3836 se
1332 3793 1540 3844 termine,
1563 3806 1619 3837 au
1640 3802 1777 3848 reste,
1802 3792 1918 3836 ainsi
1939 3810 1950 3836 :
1974 3792 2269 3848 Expliciunt
2286 3792 2506 3848 leaendae
2522 3804 2671 3838 sanc-

535 3870 705 3911 torum
728 3864 1041 3917 abbreviatae,
1067 3876 1201 3909 anno
1225 3864 1430 3909 Domini
1459 3864 1512 3908 M
1517 3864 1762 3910 CCCXIII
1770 3897 1781 3909 .

588 3937 630 3981 5.
664 3938 739 3982 Au
762 3937 796 3980 Γ·
822 3937 889 3981 31.

588 4011 631 4053 tl.
676 4007 803 4052 Dans
838 4009 880 4052 le
921 4008 1183 4062 manuscrit,
1216 4009 1260 4051 lu
1299 4004 1490 4065 legendo
1528 4007 1584 4051 de
1614 4006 1735 4050 saint
1771 4006 1970 4050 Antoine
2009 4018 2059 4050 se
2091 4006 2280 4050 termine
2317 4006 2465 4051 ainsi:
2504 4008 2580 4051 13.
2620 4007 2663 4051 Α

534 4079 792 4136 priuiteoii
815 4079 1173 4134 sinqutaritate
1209 4079 1609 4130 (commendatur),
1633 4077 1752 4133 quia
1778 4078 1953 4122 codem
1979 4089 2111 4121 anno
2130 4088 2228 4132 quo
2253 4077 2487 4121 transivit
2511 4089 2669 4122 cano-

538 4150 736 4196 nizatus
768 4150 884 4206 suit.
911 4152 1038 4195 Item
1073 4155 1173 4205 (ces
1206 4154 1323 4194 mols
1350 4155 1452 4194 sont
1476 4151 1846 4194 manifestement
1866 4160 1954 4193 une
1976 4147 2176 4192 addition
2201 4149 2257 4192 de
2279 4149 2472 4204 copiae)
2493 4148 2671 4204 linqua

536 4232 645 4274 sua,
678 4224 794 4278 post
825 4222 1003 4276 plures
1038 4233 1214 4274 annos,
1251 4221 1444 4276 inteqra
1470 4220 1675 4265 inuenta
1696 4223 1770 4265 est
1804 4225 1854 4266 et
1883 4218 2029 4275 quasi
2062 4220 2127 4264 ad
2160 4219 2476 4265 laudandum
2504 4220 2669 4265 Deum

535 4295 730 4349 parata,
761 4293 814 4337 in
841 4291 1170 4337 translatione
1192 4292 1420 4350 eorporis
1444 4292 1543 4338 sui.
