3109 4950
876 436 936 481 s.
988 435 1276 481 Amomt
1326 435 1648 482 mosum
1699 435 1942 496 pann,
1993 415 2074 482 31
2453 413 2541 481 93

407 574 615 643 tertio
674 574 764 642 ad
829 598 1059 643 arcam
1121 574 1311 643 venit
1376 584 1443 642 et
1500 599 1575 642 se
1632 574 1702 642 in
1768 573 2075 642 oratione
2136 572 2537 664 prostravit.

410 683 675 750 Orante
736 692 960 749 autem
1017 681 1195 772 ipsa,
1253 706 1407 749 mox
1465 681 1699 749 dolore
1761 681 1962 771 gravi
2021 681 2342 748 humerus
2397 681 2544 770 ejus

408 789 644 880 urgeri
678 788 881 879 coepit
910 799 979 857 et
1016 812 1098 856 os
1140 788 1476 879 spathulae
1504 803 1563 868 α,
1606 788 1676 855 in
1716 788 1986 855 modum
2022 788 2389 855 fractarum
2423 812 2548 855 nu-

409 896 616 964 cumb
659 895 1030 986 crepitans,
1074 895 1160 963 ad
1214 895 1434 963 locum
1491 895 1860 986 pristinum
1910 894 2177 962 resiliit.
2223 897 2334 963 61.
2381 896 2549 962 Sur-

419 1027 594 1094 gens
625 1002 881 1093 igitur⁰
902 1002 1143 1069 mulier
1169 1002 1348 1070 illico
1378 1002 1414 1045 ‘⁷¹
1443 1002 1797 1070 brachium
1820 1015 1846 1045 ⁰
1870 1001 2174 1069 vibravit
2203 1012 2296 1080 et,
2317 1001 2545 1068 viden-

412 1111 600 1178 tibus
631 1109 921 1188 cunctis,
964 1109 1253 1176 liberata
1284 1109 1555 1177 domum
1589 1108 2015 1199 repedavits.

499 1220 611 1286 62.
663 1216 1100 1307 Margarita&
1139 1217 1449 1307 quaedam
1502 1216 1587 1283 de
1626 1216 1905 1284 civitate
1949 1215 2298 1291 Paduana,
2341 1238 2547 1307 quum

410 1349 513 1405 se,
545 1334 742 1392 nocte
776 1324 1095 1415 quadam,
1132 1325 1361 1414 sopori
1394 1324 1727 1404 dedisset,
1759 1323 1962 1391 visa'¹
1993 1333 2100 1391 est
2130 1322 2260 1390 sibi
2293 1322 2379 1390 ab
2409 1323 2547 1390 alto

412 1433 479 1499 in
505 1442 763 1500 terram
792 1431 1156 1499 corruisse.
1196 1431 1698 1522 Expergesacta
1722 1443 1972 1508 autem,
1999 1431 2240 1497 mulier
2269 1430 2546 1498 inventa

413 1549 519 1606 est
553 1538 799 1606 collum
839 1538 1147 1605 habens‘
1184 1548 1514 1606 retortum
1567 1548 1636 1606 et
1685 1561 1956 1605 manum
2002 1537 2356 1604 sinistram
2398 1560 2551 1605 cum

409 1645 607 1736 pede,
633 1645 1005 1713 contractis
1037 1645 1295 1724 nervis,
1336 1645 1506 1713 adeo
1538 1644 2010 1713 decurtatam!
2038 1644 2181 1730 ut¹‘,
2210 1666 2551 1735 suspenso

410 1752 733 1820 calcaneo
765 1754 810 1831 ἱ,
879 1751 995 1819 vix
1055 1763 1309 1819 terram
1377 1762 1698 1844 tangeret
1774 1751 2082 1818 articulis
2149 1750 2548 1843 digitorum.

410 1862 521 1928 63.
591 1858 728 1928 Sed
780 1883 1012 1949 quum,
1068 1858 1177 1926 die
1235 1859 1556 1950 quadam,
1619 1882 1825 1949 super
1878 1858 2210 1927 tumulum
2251 1857 2542 1926 sanctim

411 1965 697 2033 Antonii
772 1965 1039 2033 elevata
1064 1977 1099 2008 ²²
1173 1966 1523 2056 paululum
1607 1965 2012 2057 quievisset,
2083 1988 2263 2042 mox,
2326 1974 2553 2032 erecto

412 2072 611 2151 collo,
657 2083 863 2163 caput
905 2072 976 2139 in
1017 2082 1271 2140 statum
1311 2072 1793 2140 condecentem
1843 2071 2044 2139 rediit
2092 2082 2183 2150 et,
2231 2094 2432 2139 manu
2474 2094 2552 2138 ac

416 2180 585 2270 pede
617 2179 904 2247 sanitati
945 2179 1313 2258 restitutiS‚
1357 2179 1649 2247 mulier⁰
1673 2178 1961 2246 liberata
2000 2178 2378 2246 descendit.

498 2290 610 2356 64.
654 2286 1085 2356 JacobinusP
1107 2287 1410 2377 quidam,
1446 2285 1710 2354 Alberti
1732 2300 1762 2342 ⁹
1795 2285 2000 2361 filius,
2034 2309 2238 2352 manu
2272 2309 2350 2353 ac
2381 2284 2552 2376 pede

415 2404 808 2462 contractus
828 2406 882 2477 r,
906 2417 1111 2486 quum
1144 2417 1350 2485 super
1382 2392 1603 2460 sancti
1647 2392 1867 2485 patris
1902 2405 1925 2434 ⁸
1965 2392 2247 2460 Antonii
2277 2415 2505 2460 arcam
2532 2400 2552 2434 ‘

418 2525 627 2569 orans
709 2524 929 2592 parva
992 2501 1159 2569 hora
1238 2512 1697 2569 commoratus
1764 2500 2031 2581 suisset,
2103 2524 2281 2579 mox,
2345 2500 2553 2567 vehe-

420 2620 735 2678 menteru
771 2609 1030 2677 sudans
1055 2621 1110 2689 υ,
1144 2632 1418 2677 manum
1450 2618 1516 2676 et
1541 2608 1781 2699 pedem
1803 2620 1837 2651 κ
1867 2607 2170 2675 extendit
2194 2618 2287 2683 et,
2321 2607 2552 2674 viden-

413 2717 599 2784 tibus
658 2739 837 2784 arcae
900 2715 1326 2796 custodibus,
1389 2739 1601 2784 sanus
1659 2726 1725 2784 et
1771 2714 2062 2783 laudans
2119 2718 2392 2782 Deumv
2447 2739 2555 2782 re-

418 2824 626 2893 cessit
651 2835 703 2890 Ζ.

499 2934 611 3000 65.
662 2932 742 2998 In
782 2931 1059 2999 civitate
1092 2930 1416 2999 Paduana
1461 2940 1610 2998 erat
1646 2954 1816 3021 puer
1853 2929 2155 3020 quidam,
2196 2929 2544 2997 Johannes

420 3038 719 3117 nomine,
765 3038 961 3129 cujus
1000 3049 1328 3120 mentum,
1369 3061 1493 3128 per
1529 3060 1750 3105 annos
1802 3047 2119 3128 quatuor,
2163 3035 2557 3103 adhaeserat

411 3145 672 3234 pectori
712 3145 784 3213 in
834 3156 1100 3214 tantum
1136 3156 1215 3214 ut
1255 3167 1683 3235 nequaquam
1745 3154 1948 3234 caput
1993 3142 2222 3211 levare
2279 3151 2543 3233 posset,

414 3252 534 3320 sed
563 3251 893 3321 inclinato
941 3276 1020 3320 eo
1037 3266 1105 3297 “a
1133 3276 1392 3343 pronus
1423 3252 1770 3320 incederet
1787 3250 1865 3317 Μ’.
1904 3254 2013 3319 66.
2048 3254 2268 3339 Quem
2307 3273 2540 3341 quum,

415 3359 521 3427 die
580 3359 903 3451 quadam,
949 3370 1167 3427 mater
1233 3359 1458 3449 ejus⁶c
1491 3358 1577 3426 ad
1634 3358 1966 3425 tumulum
2022 3356 2205 3424 beati
2267 3356 2552 3424 Antonii

467 3603 513 3637 a.
540 3591 677 3636 Puris
695 3590 932 3645 scapulae.
952 3614 1007 3625 -
1027 3590 1070 3636 b.
1094 3591 1229 3637 Paris
1249 3591 1477 3636 aucium.
1496 3613 1551 3624 -
1572 3603 1615 3636 c.
1639 3589 1773 3635 Puris
1789 3589 1969 3645 itaque.
1994 3612 2047 3622 -
2067 3589 2115 3633 d.
2141 3588 2273 3633 Paris
2288 3600 2377 3633 om.
2402 3587 2553 3633 illico.

414 3684 466 3695 —
487 3675 530 3707 e.
562 3663 668 3707 Alc.
703 3662 784 3709 286
817 3662 1028 3708 brachii.
1058 3685 1111 3696 —
1143 3662 1181 3718 Ῑ.
1212 3662 1347 3706 Puris
1377 3662 1634 3706 remcavit.
1675 3661 1740 3707 Ce
1779 3662 1966 3705 mit-acle
2002 3670 2072 3704 est
2104 3660 2223 3702 omis
2258 3672 2337 3714 par
2369 3660 2412 3703 le
2437 3670 2555 3703 texte

415 3734 666 3779 d'Ancone.
687 3747 801 3789 -9.
820 3735 925 3778 Ale.
946 3734 1027 3779 286
1047 3734 1382 3789 Maroaretha.
1402 3733 1515 3778 Luc.
1535 3734 1768 3788 Siquam.
1787 3732 2079 3787 Marqart'ta.
2105 3731 2236 3776 Paris
2256 3731 2554 3785 Moruni-eta.

415 3827 466 3838 —
483 3807 529 3848 h.
549 3806 655 3849 Alc.
672 3804 771 3855 286.
796 3805 929 3857 Luc„
953 3804 1084 3857 Pad„
1108 3805 1242 3850 Puris
1260 3805 1446 3849 visum.
1475 3826 1529 3838 -
1563 3804 1597 3848 i.
1623 3804 1737 3848 Luc.
1759 3804 1946 3847 habens
1969 3803 2174 3847 collum.
2207 3824 2260 3834 -
2286 3801 2326 3853 j.
2349 3803 2452 3845 Alc.
2477 3804 2557 3847 ‘286

417 3881 694 3922 curvatam.
721 3875 839 3921 Luc.
877 3886 922 3919 et
956 3876 1068 3921 Pnd.
1104 3877 1449 3921 dcem-vatam.
1470 3898 1523 3909 —
1553 3876 1600 3920 h.
1621 3876 1726 3920 Alc.
1753 3876 1832 3920 286
1865 3879 1927 3919 et.
1957 3897 2010 3907 -
2040 3874 2071 3918 1.
2094 3874 2198 3917 Alc.
2225 3874 2304 3917 286
2341 3873 2558 3916 intercute

415 3949 471 3991 ici
493 3952 564 3994 ut.
590 3971 645 3982 -
670 3959 739 3992 m.
765 3947 905 3991 Paris
925 3947 1069 3992 beati.
1091 3970 1144 3980 -
1164 3960 1215 3992 n.
1238 3947 1372 3991 Paris
1394 3948 1575 3992 delata.
1596 3970 1648 3980 —
1668 3960 1711 3991 ο.
1739 3946 1848 3990 Pad.
1869 3959 1958 3990 om.
1981 3945 2179 3990 mulier.
2207 3967 2254 3976 —
2277 3957 2327 4000 p.
2355 3945 2456 3988 Alc.
2478 3945 2559 3987 ‘28ss

414 4021 686 4064 Acobinus.
712 4019 830 4063 Luc.
855 4020 1090 4074 Siquam.
1109 4019 1467 4064 Jacobt'nus.—
1493 4031 1539 4073 q.
1562 4020 1666 4062 Alc.
1689 4020 1768 4062 28ss
1788 4016 1970 4061 abbati.
1989 4039 2044 4051 —
2071 4029 2112 4061 r.
2136 4018 2237 4060 Alc.
2259 4016 2338 4059 ‘286
2358 4020 2402 4058 et
2427 4015 2559 4058 Puris

416 4091 701 4137 contractis.
724 4113 778 4123 —
797 4104 840 4135 s.
866 4090 981 4135 Luc.
1006 4102 1097 4133 om.
1121 4090 1301 4147 patris.
1325 4112 1378 4122 -
1407 4093 1440 4134 t.
1469 4090 1603 4134 Puris
1628 4090 1841 4134 tumulo.
1866 4111 1921 4123 —
1949 4101 1999 4133 u.
2029 4088 2161 4132 Paris
2195 4087 2554 4131 rehenwwius.

413 4183 464 4193 —
496 4175 541 4207 v.
561 4164 671 4207 Ate.
693 4163 776 4208 28ss
798 4163 995 4218 [urens.
1020 4184 1073 4195 —
1095 4174 1146 4206 x.
1174 4161 1308 4206 Paris
1332 4172 1488 4205 manu
1510 4172 1628 4205 cum
1659 4162 1803 4218 pede.
1823 4184 1878 4193 -
1903 4174 1955 4216 y.
1981 4158 2047 4205 Ce
2079 4169 2171 4202 mot
2203 4169 2272 4202 est
2306 4159 2454 4201 donni·
2477 4170 2556 4213 par

418 4232 562 4279 Paris.
585 4258 642 4267 —
674 4245 717 4278 z.
751 4233 819 4280 Ge
852 4232 1041 4277 miracle
1066 4244 1259 4289 mutique
1292 4234 1406 4276 dans
1441 4233 1483 4276 le
1507 4243 1627 4278 texte
1660 4233 1909 4277 d'Ancone.
1932 4254 1986 4266 -
2020 4243 2096 4276 aa.
2137 4230 2270 4275 Paris
2300 4230 2478 4285 capue.
2500 4251 2554 4263 -

418 4304 488 4350 bb.
506 4307 615 4352 Alc.
633 4307 715 4353 286
752 4305 1013 4351 incideret.
1036 4327 1088 4339 —
1117 4317 1188 4351 cc.
1215 4304 1347 4349 Paris
1373 4316 1485 4350 sua.
