3109 4950
850 464 909 509 s,
961 463 1251 509 ANTONH
1300 462 1622 510 Leonum
1671 462 1914 521 rmum,
1965 442 2050 509 32
2426 442 2513 509 95

384 602 722 671 visionem
760 602 959 685 hanc,
994 602 1227 671 multis
1263 601 1726 679 audientibus,
1758 600 1830 668 in
1871 600 1996 669 Dei
2038 600 2327 692 gloriam
2359 623 2518 668 nar-

386 710 567 778 ravit
587 723 645 777 ⁰.

475 817 778 908 Explicit
806 816 889 885 de
920 817 1294 885 contractis
1325 816 1378 886 ὃ.

1025 1127 1146 1186 32.
1193 1127 1299 1184 De
1339 1122 1803 1196 paralyticis
1831 1130 1882 1181 ⁰.

488 1383 551 1447 1.
593 1381 671 1447 In
694 1377 972 1448 civitate
1006 1378 1487 1447 Ferrariensid
1503 1391 1652 1449 erat
1675 1379 1917 1448 mulier
1938 1378 2275 1470 quaedam,
2303 1378 2525 1447 Maria

394 1486 691 1565 nomine,
744 1510 920 1577 quae‚
964 1485 1051 1552 ab
1101 1486 1300 1553 annis
1358 1498 1651 1578 quatuor
1695 1497 1840 1556 toto
1890 1510 2171 1579 corpore
2220 1485 2526 1578 paralysi

344 1677 347 1678 ⁷
392 1593 759 1674 dissoluta,
825 1603 1031 1682 caput
1097 1603 1163 1660 et
1228 1593 1455 1661 omnia
1522 1594 1827 1662 membra
1895 1593 2215 1684 portabat
2280 1603 2527 1660 treme-

389 1699 663 1782 bunda;
707 1723 1046 1790 quumque
1100 1700 1556 1768 necessitate⁶
1609 1700 1837 1791 aliqua
1888 1699 1974 1768 ad
2025 1700 2246 1768 locum
2287 1723 2523 1790 quem-

390 1806 577 1897 piam
604 1806 816 1874 vellet
847 1804 1244 1896 procedere,
1280 1830 1528 1897 gressu
1562 1806 1968 1898 retrogrado
2000 1806 2110 1873 vel
2140 1806 2228 1874 ab
2257 1806 2530 1897 obliquo

394 1937 598 2004 quam
632 1937 816 2004 saepe
846 1913 1149 2004 vestigia
1174 1913 1551 2003 cogebatur
1582 1937 1868 1981 curvare
1894 1913 1955 1981 s.
2001 1917 2065 1980 2.
2098 1914 2269 2000 Quae
2295 1937 2528 2004 quum,

396 2020 503 2088 die
558 2020 880 2111 quadam,
923 2042 1152 2087 coram
1197 2021 1419 2088 sancti
1459 2020 1740 2088 Antonii
1789 2020 2104 2088 tumulo&
2157 2020 2534 2088 orationem

397 2128 740 2209 funderet,
770 2126 999 2195 subito
1038 2127 1232 2194 nervi
1263 2127 1412 2218 ejus
1445 2127 1677 2195 dolore
1709 2127 2090 2219 angustiati
2112 2128 2144 2172 ἢ
2184 2138 2534 2218 coeperunt

399 2234 719 2316 extendi3
777 2257 1295 2325 exsurgensque
1328 2235 1349 2277 ῖ
1385 2234 1626 2302 mulier
1676 2258 1882 2325 super
1931 2234 2141 2325 pedes
2190 2259 2353 2302 suos
2407 2234 2534 2302 im-

395 2342 670 2410 mobilis
726 2340 1031 2431 perstitit
1085 2364 1188 2423 ac,
1244 2341 1441 2432 plene
1499 2340 1783 2410 sanitati
1849 2341 2193 2422 restituta,
2259 2341 2531 2409 domum

398 2449 757 2518 remeavit.

484 2560 549 2627 3.
597 2555 1001 2624 ArmerinaJ‘
1057 2555 1371 2647 quaedam
1420 2555 1503 2624 de
1542 2556 1860 2627 vicentia
1884 2556 1939 2637 h,
1983 2556 2280 2648 quinque
2314 2580 2533 2624 anno-

395 2687 543 2732 rum
585 2663 839 2755 spatie,
878 2662 1222 2731 exsistens
1260 2662 1668 2755 paralytica,
1713 2664 1897 2731 nullo
1937 2664 2289 2732 conamine
2338 2664 2533 2754 pedis

396 2795 719 2863 gressum
744 2770 958 2863 figere
987 2769 1232 2861 potuit,
1256 2770 1403 2851 sed,
1430 2794 1637 2861 quum
1668 2771 1896 2862 aliqua
1915 2771 2272 2839 occasione
2307 2783 2535 2839 erecta

393 2879 668 2957 suisset,
704 2888 862 2945 ante
889 2888 957 2946 et
986 2888 1168 2945 retro
1197 2876 1668 2945 tremebundis
1692 2901 1766 2945 se
1798 2877 2095 2945 motibus
2128 2879 2149 2921 ἱ
2191 2877 2531 2968 agitabat.

394 2988 458 3053 4.
488 2986 799 3056 Veniens
828 2985 1105 3076 igitur-'⁷‘
1129 2985 1216 3053 ad
1248 3009 1480 3054 arcam
1507 2985 1694 3053 beati
1735 2986 2041 3066 Antonii,
2073 3009 2356 3076 pronam
2389 2998 2420 3027 ¹¹
2464 3010 2538 3052 se

394 3093 463 3160 in
492 3092 877 3162 orationem
915 3092 1104 3161 dedit
1132 3103 1200 3161 et
1239 3116 1394 3161 mox
1434 3092 1798 3184 pristinam
1820 3104 1849 3137 ⁰
1879 3093 2128 3160 habere
2169 3092 2537 3160 sanitatem

396 3200 861 3292 promeruitae.

451 3410 497 3442 a.
523 3397 662 3441 Paris
690 3396 963 3442 enarravit.
987 3397 1055 3441 Le
1080 3398 1170 3442 ΜΒ.
1193 3398 1248 3442 de
1274 3396 1482 3442 Lucet-ne
1501 3408 1545 3441 et
1569 3398 1611 3441 le
1635 3407 1754 3441 texte
1776 3396 2007 3441 d’Ancone
2027 3406 2242 3440 omnnem
2265 3409 2314 3439 ct·
2340 3396 2537 3439 min-acle.

399 3469 509 3512 -ὸ,
536 3468 675 3512 Paris
702 3479 792 3511 om.
819 3467 1045 3523 Explicit
1061 3469 1123 3512 de
1147 3468 1438 3513 contractis.
1460 3491 1513 3500 —
1534 3480 1579 3513 c.
1601 3468 1703 3513 Alc.
1729 3467 1810 3514 286
1832 3468 1959 3512 Item
1985 3469 2045 3511 de
2065 3467 2383 3523 paralyticis.
2409 3467 2541 3510 Paris

400 3539 469 3583 De
487 3537 794 3596 paralyticis
818 3538 1026 3583 curatis.
1050 3538 1162 3584 Pad.
1188 3539 1414 3596 Explicit
1436 3540 1497 3583 de
1522 3540 1918 3593 contractis‚scd
1940 3538 2116 3594 incipit
2140 3539 2202 3583 de
2223 3537 2540 3594 paralyticis.

400 3610 595 3655 Ensuite
620 3613 665 3653 le
690 3610 782 3653 Ms.
810 3609 923 3654 Pad.
948 3610 999 3655 74
1024 3610 1238 3653 intel-cale
1263 3623 1320 3654 un
1346 3612 1530 3654 mit-acle
1545 3612 1623 3667 qui
1640 3612 1702 3655 lui
1719 3614 1790 3654 est
1811 3622 1995 3666 propre:
2016 3612 2075 3654 111
2094 3610 2337 3654 comitatu
2358 3610 2543 3653 Paduoe

406 3712 420 3725 .
435 3716 445 3725 .
460 3715 471 3724 .
493 3680 737 3726 monialis
753 3682 983 3735 quaedam
1009 3681 1201 3737 Sophia
1225 3682 1444 3735 nomine,
1470 3684 1516 3725 et
1543 3682 1654 3726 dont
1675 3694 1789 3725 nous
1813 3682 2066 3726 donnerons
2089 3683 2128 3724 lc
2147 3685 2262 3724 texte
2287 3680 2312 3723 ῐι
2337 3682 2543 3735 l'appen-

402 3753 581 3797 dicc.—
599 3754 651 3797 d.
679 3752 783 3797 Alc.
809 3752 892 3797 280
919 3751 979 3795 In
1009 3752 1210 3799 civitate
1240 3751 1573 3798 Fcrraciensi.
1600 3752 1714 3798 Luc.
1743 3754 1976 3809 Siynum.
2003 3754 2062 3796 In
2090 3752 2332 3797 comitatu
2359 3752 2544 3795 Ferra-

402 3824 669 3868 rieneium.
700 3823 835 3867 Paris
858 3824 919 3867 In
946 3824 1189 3870 comitatu
1238 3823 1522 3868 Fanriensi.
1564 3847 1620 3858 -
1657 3836 1697 3869 e.
1727 3824 1839 3869 Luc.
1865 3824 2155 3869 necessitas.
2193 3847 2246 3855 —
2274 3824 2310 3879 f.
2336 3825 2438 3867 Alc.
2466 3824 2546 3867 286

403 3907 596 3941 curare.
624 3894 721 3941 Ces
752 3894 919 3939 details
950 3898 1055 3939 sont
1089 3896 1207 3939 omis
1244 3908 1325 3951 par
1363 3897 1404 3939 le
1442 3898 1561 3940 texte
1598 3896 1845 3947 d'Anconc,
1872 3896 1948 3952 qui
1985 3896 2052 3940 dit
2087 3896 2403 3950 simplement:
2447 3896 2547 3939 toto

400 3978 608 4023 corpore
644 3965 913 4018 dissoluta.
943 3969 1216 4011 tremorem
1253 3967 1437 4023 capitis
1478 3967 1780 4012 continuum
1835 3971 1908 4011 est
1963 3977 2220 4023 perpessa.
2255 3989 2308 3997 —
2350 3978 2397 4020 9.
2427 3964 2544 4010 Luc.

404 4038 678 4082 tumulum.
706 4038 843 4082 Paris
865 4037 1115 4093 sepulcro.
1150 4062 1202 4070 —
1229 4038 1281 4082 h.
1308 4037 1442 4083 Paris
1466 4038 1674 4083 anxiati.
1701 4062 1754 4070 —
1778 4038 1809 4082 i.
1837 4038 1971 4082 Paris
1993 4049 2266 4093 exsurycns
2299 4037 2468 4092 iyitur.
2494 4060 2547 4069 —

395 4109 438 4163 j,
466 4109 618 4165 Lecon
646 4109 796 4153 d'Alc.
821 4109 918 4161 286,
945 4108 1055 4153 Nat.
1082 4109 1214 4154 14363
1242 4112 1289 4153 et
1324 4108 1523 4153 Padoue.
1565 4109 1700 4153 Paris
1736 4109 2041 4153 Firmerina.
2080 4109 2243 4152 Assise
2282 4108 2544 4152 Armenia.

402 4181 515 4224 Aac.
540 4184 587 4224 et
624 4181 857 4234 Dialogus
885 4180 1171 4225 Ermerina.
1196 4203 1251 4212 —
1276 4180 1322 4224 k.
1349 4180 1483 4225 Paris
1507 4184 1553 4224 et
1572 4183 1686 4224 Anc.
1720 4180 2002 4225 Vincentia.
2024 4204 2078 4213 —-
2102 4180 2134 4224 1.
2161 4180 2297 4223 Paris
2325 4180 2545 4223 motibus

403 4262 469 4296 se.
492 4275 545 4284 —
572 4263 644 4297 m.
666 4251 805 4296 Paris
828 4251 1015 4307 itaque.
1039 4274 1093 4284 —-
1110 4264 1161 4297 n.
1178 4251 1309 4305 Pad.‚
1336 4252 1484 4306 Paris,
1509 4253 1619 4297 Ass.
1640 4263 1819 4308 prona.
1837 4275 1890 4286 —
1918 4264 1962 4297 ο.
1989 4253 2091 4297 Alc.
2117 4252 2198 4297 286
2226 4254 2273 4295 et
2302 4251 2412 4295 Luc.
2440 4252 2542 4297 add.

404 4334 469 4368 se.
493 4346 547 4357 —
570 4337 624 4381 p.
655 4323 724 4368 Le
750 4323 845 4368 ΜΒ.
874 4324 931 4367 de
957 4321 1165 4368 Lucerne
1187 4327 1311 4368 omet
1335 4336 1387 4367 ce
1415 4324 1617 4367 miracle.
